<?xml version="1.0" encoding="UTF-8"?>
<!DOCTYPE html PUBLIC "-//W3C//DTD XHTML 1.0 Transitional//EN"
    "http://www.w3.org/TR/xhtml1/DTD/xhtml1-transitional.dtd">
<html xmlns="http://www.w3.org/1999/xhtml" xml:lang="en" lang="en">
 <head>
  <title>
</title>
<meta http-equiv="Content-Type" content="text/html;charset=utf-8" />
  <meta name='ocr-system' content='tesseract 3.04.00' />
  <meta name='ocr-capabilities' content='ocr_page ocr_carea ocr_par ocr_line ocrx_word'/>
</head>
<body>
  <div class='ocr_page' id='page_1' title='image "./degestisalexand00baumgoog_0021.png"; bbox 0 0 2686 3876; ppageno 0'>
   <div class='ocr_carea' id='block_1_1' title="bbox 393 392 1120 481">
    <p class='ocr_par' dir='ltr' id='par_1_1' title="bbox 393 392 1120 481">
     <span class='ocr_line' id='line_1_1' title="bbox 393 392 1120 481; baseline -0.001 -11"><span class='ocrx_word' id='word_1_1' title='bbox 393 417 438 470; x_wconf 83' lang='lat' dir='ltr'><strong>os</strong></span> <span class='ocrx_word' id='word_1_2' title='bbox 458 392 584 467; x_wconf 76' lang='lat' dir='ltr'><strong>ersus</strong></span> <span class='ocrx_word' id='word_1_3' title='bbox 609 414 710 470; x_wconf 75' lang='lat' dir='ltr'><strong>atax.</strong></span> <span class='ocrx_word' id='word_1_4' title='bbox 730 415 795 480; x_wconf 82' lang='lat' dir='ltr'><strong>vu,</strong></span> <span class='ocrx_word' id='word_1_5' title='bbox 818 431 842 481; x_wconf 66' lang='grc' dir='ltr'><strong>ς.</strong></span> <span class='ocrx_word' id='word_1_6' title='bbox 1090 420 1120 472; x_wconf 83' lang='grc' dir='ltr'><strong>ιι</strong></span> 
     </span>
    </p>
   </div>
   <div class='ocr_carea' id='block_1_2' title="bbox 64 559 1167 2642">
    <p class='ocr_par' dir='ltr' id='par_1_2' title="bbox 64 559 1162 1527">
     <span class='ocr_line' id='line_1_2' title="bbox 64 559 1124 646; baseline -0.002 -20"><span class='ocrx_word' id='word_1_7' title='bbox 64 626 67 632; x_wconf 82' lang='grc'><strong>,</strong></span> <span class='ocrx_word' id='word_1_8' title='bbox 122 575 181 628; x_wconf 85' lang='lat' dir='ltr'><strong>ret.</strong></span> <span class='ocrx_word' id='word_1_9' title='bbox 210 564 313 626; x_wconf 81' lang='lat' dir='ltr'>Amici</span> <span class='ocrx_word' id='word_1_10' title='bbox 334 581 478 646; x_wconf 85' lang='lat' dir='ltr'><strong>quoque,</strong></span> <span class='ocrx_word' id='word_1_11' title='bbox 500 561 572 622; x_wconf 80' lang='lat' dir='ltr'><strong>data</strong></span> <span class='ocrx_word' id='word_1_12' title='bbox 592 559 830 624; x_wconf 80' lang='lat' dir='ltr'><strong>miserirordiae</strong></span> <span class='ocrx_word' id='word_1_13' title='bbox 848 561 1026 637; x_wconf 78' lang='lat' dir='ltr'><strong>occasione,</strong></span> <span class='ocrx_word' id='word_1_14' title='bbox 1050 583 1124 626; x_wconf 87' lang='lat' dir='ltr'><strong>eou-</strong></span> 
     </span>
     <span class='ocr_line' id='line_1_3' title="bbox 122 641 1162 728; baseline -0.004 -20"><span class='ocrx_word' id='word_1_15' title='bbox 122 656 273 728; x_wconf 82' lang='lat' dir='ltr'><strong>surgunt,</strong></span> <span class='ocrx_word' id='word_1_16' title='bbox 303 643 487 726; x_wconf 84' lang='lat' dir='ltr'><strong>flentesque·</strong></span> <span class='ocrx_word' id='word_1_17' title='bbox 509 661 621 722; x_wconf 79' lang='lat' dir='ltr'><strong>regem</strong></span> <span class='ocrx_word' id='word_1_18' title='bbox 636 641 873 722; x_wconf 80' lang='lat' dir='ltr'><strong>deprecantur.</strong></span> <span class='ocrx_word' id='word_1_19' title='bbox 913 644 971 704; x_wconf 86' lang='lat' dir='ltr'><strong>Ille</strong></span> <span class='ocrx_word' id='word_1_20' title='bbox 998 643 1125 704; x_wconf 82' lang='lat' dir='ltr'><strong>silentio</strong></span> <span class='ocrx_word' id='word_1_21' title='bbox 1147 659 1162 703; x_wconf 76' lang='lat'>8</span> 
     </span>
     <span class='ocr_line' id='line_1_4' title="bbox 121 722 1152 806; baseline 0 -22"><span class='ocrx_word' id='word_1_22' title='bbox 121 724 226 801; x_wconf 84' lang='lat' dir='ltr'><strong>sacto,</strong></span> <span class='ocrx_word' id='word_1_23' title='bbox 246 726 289 786; x_wconf 89' lang='lat' dir='ltr'><strong>Et</strong></span> <span class='ocrx_word' id='word_1_24' title='bbox 309 725 318 784; x_wconf 94' lang='lat' dir='ltr'><strong>i</strong></span> <span class='ocrx_word' id='word_1_25' title='bbox 342 743 387 793; x_wconf 86' lang='lat' dir='ltr'><strong>se,</strong></span> <span class='ocrx_word' id='word_1_26' title='bbox 409 723 522 806; x_wconf 87' lang='lat' dir='ltr'><strong>inquit,</strong></span> <span class='ocrx_word' id='word_1_27' title='bbox 544 725 709 802; x_wconf 81' lang='lat' dir='ltr'>Amyntam</span> <span class='ocrx_word' id='word_1_28' title='bbox 731 742 801 782; x_wconf 86' lang='lat' dir='ltr'><strong>mea</strong></span> <span class='ocrx_word' id='word_1_29' title='bbox 821 724 974 784; x_wconf 83' lang='lat' dir='ltr'><strong>sententia</strong></span> <span class='ocrx_word' id='word_1_30' title='bbox 994 722 1126 784; x_wconf 82' lang='lat' dir='ltr'><strong>fratres·</strong></span> <span class='ocrx_word' id='word_1_31' title='bbox 1149 747 1152 752; x_wconf 92' lang='lat'>·</span> 
     </span>
     <span class='ocr_line' id='line_1_5' title="bbox 123 747 1125 888; baseline -0.001 -24"><span class='ocrx_word' id='word_1_32' title='bbox 123 825 186 888; x_wconf 84' lang='lat' dir='ltr'><strong>que</strong></span> <span class='ocrx_word' id='word_1_33' title='bbox 209 805 276 865; x_wconf 88' lang='lat' dir='ltr'><strong>eius</strong></span> <span class='ocrx_word' id='word_1_34' title='bbox 299 747 443 865; x_wconf 68' lang='lat' dir='ltr'><strong>alsolvo.</strong></span> <span class='ocrx_word' id='word_1_35' title='bbox 485 803 550 865; x_wconf 87' lang='lat' dir='ltr'><strong>Vos</strong></span> <span class='ocrx_word' id='word_1_36' title='bbox 573 813 690 876; x_wconf 82' lang='lat' dir='ltr'><strong>autom,</strong></span> <span class='ocrx_word' id='word_1_37' title='bbox 710 801 852 876; x_wconf 85' lang='lat' dir='ltr'><strong>iuvenes,</strong></span> <span class='ocrx_word' id='word_1_38' title='bbox 872 804 956 866; x_wconf 89' lang='lat' dir='ltr'><strong>malo</strong></span> <span class='ocrx_word' id='word_1_39' title='bbox 976 801 1125 864; x_wconf 79' lang='lat' dir='ltr'><strong>beneficii</strong></span> 
     </span>
     <span class='ocr_line' id='line_1_6' title="bbox 122 881 1125 965; baseline 0 -21"><span class='ocrx_word' id='word_1_40' title='bbox 122 885 186 944; x_wconf 88' lang='lat' dir='ltr'><strong>mei</strong></span> <span class='ocrx_word' id='word_1_41' title='bbox 208 884 364 958; x_wconf 79' lang='lat' dir='ltr'><strong>oblivisci,</strong></span> <span class='ocrx_word' id='word_1_42' title='bbox 387 903 481 965; x_wconf 86' lang='lat' dir='ltr'><strong>quam</strong></span> <span class='ocrx_word' id='word_1_43' title='bbox 502 882 639 962; x_wconf 87' lang='lat' dir='ltr'><strong>periculi</strong></span> <span class='ocrx_word' id='word_1_44' title='bbox 665 881 764 942; x_wconf 86' lang='lat' dir='ltr'><strong>vestri</strong></span> <span class='ocrx_word' id='word_1_45' title='bbox 785 885 974 948; x_wconf 82' lang='lat' dir='ltr'><strong>meminisse.</strong></span> <span class='ocrx_word' id='word_1_46' title='bbox 1002 884 1125 944; x_wconf 84' lang='lat' dir='ltr'><strong>Eadem</strong></span> 
     </span>
     <span class='ocr_line' id='line_1_7' title="bbox 122 961 1125 1046; baseline 0 -22"><span class='ocrx_word' id='word_1_47' title='bbox 122 961 187 1024; x_wconf 83' lang='lat' dir='ltr'><strong>lide</strong></span> <span class='ocrx_word' id='word_1_48' title='bbox 206 964 311 1024; x_wconf 90' lang='lat' dir='ltr'><strong>redite</strong></span> <span class='ocrx_word' id='word_1_49' title='bbox 334 962 518 1044; x_wconf 81' lang='lat' dir='ltr'><strong>ingratiam</strong></span> <span class='ocrx_word' id='word_1_50' title='bbox 540 973 680 1036; x_wconf 83' lang='lat' dir='ltr'><strong>meeum,</strong></span> <span class='ocrx_word' id='word_1_51' title='bbox 708 979 772 1046; x_wconf 85' lang='lat' dir='ltr'><strong>qua</strong></span> <span class='ocrx_word' id='word_1_52' title='bbox 797 962 865 1043; x_wconf 90' lang='lat' dir='ltr'><strong>ipse</strong></span> <span class='ocrx_word' id='word_1_53' title='bbox 886 963 1053 1025; x_wconf 80' lang='lat' dir='ltr'><strong>vobiscum</strong></span> <span class='ocrx_word' id='word_1_54' title='bbox 1073 985 1125 1024; x_wconf 84' lang='lat' dir='ltr'><strong>re·</strong></span> 
     </span>
     <span class='ocr_line' id='line_1_8' title="bbox 121 1041 1162 1128; baseline -0.006 -22"><span class='ocrx_word' id='word_1_55' title='bbox 121 1056 246 1108; x_wconf 82' lang='lat' dir='ltr'><strong>vertor,</strong></span> <span class='ocrx_word' id='word_1_56' title='bbox 267 1045 332 1104; x_wconf 88' lang='lat' dir='ltr'><strong>Nisi</strong></span> <span class='ocrx_word' id='word_1_57' title='bbox 354 1063 435 1128; x_wconf 86' lang='lat' dir='ltr'><strong>quae</strong></span> <span class='ocrx_word' id='word_1_58' title='bbox 457 1041 561 1100; x_wconf 86' lang='lat' dir='ltr'><strong>delata</strong></span> <span class='ocrx_word' id='word_1_59' title='bbox 583 1054 688 1101; x_wconf 79' lang='lat' dir='ltr'><strong>essent</strong></span> <span class='ocrx_word' id='word_1_60' title='bbox 706 1043 928 1120; x_wconf 75' lang='lat' dir='ltr'><strong>exetrssissem,</strong></span> <span class='ocrx_word' id='word_1_61' title='bbox 948 1043 1042 1104; x_wconf 81' lang='lat' dir='ltr'><strong>valde</strong></span> <span class='ocrx_word' id='word_1_62' title='bbox 1063 1043 1125 1104; x_wconf 85' lang='lat' dir='ltr'><strong>dis·</strong></span> <span class='ocrx_word' id='word_1_63' title='bbox 1146 1055 1162 1100; x_wconf 75' lang='lat' dir='ltr'><strong>o</strong></span> 
     </span>
     <span class='ocr_line' id='line_1_9' title="bbox 123 1123 1161 1202; baseline -0.004 -16"><span class='ocrx_word' id='word_1_64' title='bbox 123 1123 376 1186; x_wconf 83' lang='lat' dir='ltr'><strong>sirnulatio&#39;mea</strong></span> <span class='ocrx_word' id='word_1_65' title='bbox 397 1132 544 1201; x_wconf 81' lang='lat' dir='ltr'><strong>suspecta</strong></span> <span class='ocrx_word' id='word_1_66' title='bbox 567 1140 637 1182; x_wconf 86' lang='lat' dir='ltr'><strong>esse</strong></span> <span class='ocrx_word' id='word_1_67' title='bbox 658 1123 823 1202; x_wconf 83' lang='lat' dir='ltr'><strong>potuisset.</strong></span> <span class='ocrx_word' id='word_1_68' title='bbox 871 1123 937 1184; x_wconf 86' lang='lat' dir='ltr'><strong>Sed</strong></span> <span class='ocrx_word' id='word_1_69' title='bbox 956 1123 1053 1182; x_wconf 88' lang='lat' dir='ltr'><strong>satius</strong></span> <span class='ocrx_word' id='word_1_70' title='bbox 1075 1134 1125 1183; x_wconf 84' lang='lat' dir='ltr'><strong>est</strong></span> <span class='ocrx_word' id='word_1_71' title='bbox 1157 1151 1161 1158; x_wconf 44' lang='lat' dir='ltr'>v</span> 
     </span>
     <span class='ocr_line' id='line_1_10' title="bbox 121 1203 1125 1286; baseline 0.002 -24"><span class='ocrx_word' id='word_1_72' title='bbox 121 1216 278 1286; x_wconf 81' lang='lat' dir='ltr'><strong>purgatos</strong></span> <span class='ocrx_word' id='word_1_73' title='bbox 306 1224 393 1279; x_wconf 84' lang='lat' dir='ltr'><strong>esse,</strong></span> <span class='ocrx_word' id='word_1_74' title='bbox 423 1223 516 1286; x_wconf 79' lang='lat' dir='ltr'><strong>quam</strong></span> <span class='ocrx_word' id='word_1_75' title='bbox 548 1213 724 1284; x_wconf 84' lang='lat' dir='ltr'><strong>suspectos.</strong></span> <span class='ocrx_word' id='word_1_76' title='bbox 769 1203 935 1285; x_wconf 76' lang='lat' dir='ltr'><strong>Cogitate,</strong></span> <span class='ocrx_word' id='word_1_77' title='bbox 967 1203 1125 1264; x_wconf 86' lang='lat' dir='ltr'><strong>nemiuem</strong></span> 
     </span>
     <span class='ocr_line' id='line_1_11' title="bbox 123 1281 1161 1367; baseline -0.004 -21"><span class='ocrx_word' id='word_1_78' title='bbox 123 1284 247 1346; x_wconf 76' lang='lat' dir='ltr'><strong>absolsi</strong></span> <span class='ocrx_word' id='word_1_79' title='bbox 275 1304 391 1364; x_wconf 88' lang='lat' dir='ltr'><strong>posse,</strong></span> <span class='ocrx_word' id='word_1_80' title='bbox 418 1283 476 1342; x_wconf 86' lang='lat' dir='ltr'><strong>nisi</strong></span> <span class='ocrx_word' id='word_1_81' title='bbox 503 1281 558 1367; x_wconf 81' lang='lat' dir='ltr'><strong>qui</strong></span> <span class='ocrx_word' id='word_1_82' title='bbox 586 1283 702 1343; x_wconf 79' lang='lat' dir='ltr'><strong>dixerit</strong></span> <span class='ocrx_word' id='word_1_83' title='bbox 723 1303 857 1346; x_wconf 81' lang='lat' dir='ltr'><strong>eausam.</strong></span> <span class='ocrx_word' id='word_1_84' title='bbox 897 1289 959 1359; x_wconf 80' lang='lat' dir='ltr'><strong>Tu,</strong></span> <span class='ocrx_word' id='word_1_85' title='bbox 979 1284 1161 1361; x_wconf 81' lang='lat' dir='ltr'><strong>Amynta,¹⁰</strong></span> 
     </span>
     <span class='ocr_line' id='line_1_12' title="bbox 122 1362 1157 1444; baseline -0.001 -22"><span class='ocrx_word' id='word_1_86' title='bbox 122 1363 255 1444; x_wconf 83' lang='lat' dir='ltr'><strong>ignosce</strong></span> <span class='ocrx_word' id='word_1_87' title='bbox 277 1365 368 1427; x_wconf 72' lang='lat' dir='ltr'><strong>liatri</strong></span> <span class='ocrx_word' id='word_1_88' title='bbox 388 1375 456 1426; x_wconf 88' lang='lat' dir='ltr'><strong>tuo.</strong></span> <span class='ocrx_word' id='word_1_89' title='bbox 477 1365 549 1424; x_wconf 86' lang='lat' dir='ltr'><strong>Erit</strong></span> <span class='ocrx_word' id='word_1_90' title='bbox 569 1363 631 1424; x_wconf 87' lang='lat' dir='ltr'><strong>hoe</strong></span> <span class='ocrx_word' id='word_1_91' title='bbox 652 1363 840 1444; x_wconf 83' lang='lat' dir='ltr'><strong>simpliciter</strong></span> <span class='ocrx_word' id='word_1_92' title='bbox 864 1366 959 1429; x_wconf 83' lang='lat' dir='ltr'><strong>etiam</strong></span> <span class='ocrx_word' id='word_1_93' title='bbox 978 1362 1056 1424; x_wconf 83' lang='lat' dir='ltr'><strong>milti</strong></span> <span class='ocrx_word' id='word_1_94' title='bbox 1075 1383 1126 1422; x_wconf 86' lang='lat' dir='ltr'><strong>re·</strong></span> <span class='ocrx_word' id='word_1_95' title='bbox 1152 1380 1157 1410; x_wconf 66' lang='grc' dir='ltr'><em>τ</em></span> 
     </span>
     <span class='ocr_line' id='line_1_13' title="bbox 125 1443 609 1527; baseline -0.004 -23"><span class='ocrx_word' id='word_1_96' title='bbox 125 1443 285 1504; x_wconf 81' lang='lat' dir='ltr'><strong>conciliati</strong></span> <span class='ocrx_word' id='word_1_97' title='bbox 305 1445 464 1524; x_wconf 24' lang='lat' dir='ltr'><strong>aui-mitui</strong></span> <span class='ocrx_word' id='word_1_98' title='bbox 485 1445 609 1527; x_wconf 77' lang='lat' dir='ltr'><strong>pignus.</strong></span> 
     </span>
    </p>

    <p class='ocr_par' dir='ltr' id='par_1_3' title="bbox 121 1523 1167 2642">
     <span class='ocr_line' id='line_1_14' title="bbox 205 1523 1164 1603; baseline -0.001 -20"><span class='ocrx_word' id='word_1_99' title='bbox 205 1524 365 1588; x_wconf 82' lang='lat' dir='ltr'><strong>Contione</strong></span> <span class='ocrx_word' id='word_1_100' title='bbox 389 1524 505 1586; x_wconf 86' lang='lat' dir='ltr'><strong>deinde</strong></span> <span class='ocrx_word' id='word_1_101' title='bbox 527 1524 671 1598; x_wconf 79' lang='lat' dir='ltr'><strong>dimissa,</strong></span> <span class='ocrx_word' id='word_1_102' title='bbox 698 1524 925 1603; x_wconf 75' lang='lat' dir='ltr'><strong>Polydamanta</strong></span> <span class='ocrx_word' id='word_1_103' title='bbox 946 1523 1056 1586; x_wconf 75' lang='lat' dir='ltr'><strong>vocari</strong></span> <span class='ocrx_word' id='word_1_104' title='bbox 1077 1523 1124 1582; x_wconf 90' lang='lat' dir='ltr'><strong>iu·</strong></span> <span class='ocrx_word' id='word_1_105' title='bbox 1146 1531 1164 1594; x_wconf 86' lang='lat'><strong>7</strong></span> 
     </span>
     <span class='ocr_line' id='line_1_15' title="bbox 121 1602 1125 1687; baseline -0.002 -24"><span class='ocrx_word' id='word_1_106' title='bbox 121 1602 189 1667; x_wconf 72' lang='lat' dir='ltr'><strong>laet.</strong></span> <span class='ocrx_word' id='word_1_107' title='bbox 230 1608 344 1687; x_wconf 72' lang='lat' dir='ltr'><strong>Longe</strong></span> <span class='ocrx_word' id='word_1_108' title='bbox 366 1605 604 1687; x_wconf 86' lang='lat' dir='ltr'><strong>acceptissimus</strong></span> <span class='ocrx_word' id='word_1_109' title='bbox 626 1605 828 1665; x_wconf 78' lang='lat' dir='ltr'><strong>Parmenioni</strong></span> <span class='ocrx_word' id='word_1_110' title='bbox 849 1619 935 1682; x_wconf 83' lang='lat' dir='ltr'><strong>erat,</strong></span> <span class='ocrx_word' id='word_1_111' title='bbox 961 1604 1125 1686; x_wconf 80' lang='lat' dir='ltr'><strong>prosimus</strong></span> 
     </span>
     <span class='ocr_line' id='line_1_16' title="bbox 122 1682 1162 1768; baseline 0 -26"><span class='ocrx_word' id='word_1_112' title='bbox 122 1682 215 1745; x_wconf 87' lang='lat' dir='ltr'><strong>lateri</strong></span> <span class='ocrx_word' id='word_1_113' title='bbox 236 1686 267 1746; x_wconf 90' lang='lat' dir='ltr'><strong>in</strong></span> <span class='ocrx_word' id='word_1_114' title='bbox 290 1687 357 1748; x_wconf 85' lang='lat' dir='ltr'><strong>acie</strong></span> <span class='ocrx_word' id='word_1_115' title='bbox 379 1698 464 1746; x_wconf 87' lang='lat' dir='ltr'><strong>stare</strong></span> <span class='ocrx_word' id='word_1_116' title='bbox 485 1685 607 1746; x_wconf 84' lang='lat' dir='ltr'><strong>solitus.¹</strong></span> <span class='ocrx_word' id='word_1_117' title='bbox 659 1687 703 1743; x_wconf 87' lang='lat' dir='ltr'><strong>Et</strong></span> <span class='ocrx_word' id='word_1_118' title='bbox 723 1706 911 1768; x_wconf 85' lang='lat' dir='ltr'><strong>quamquam</strong></span> <span class='ocrx_word' id='word_1_119' title='bbox 933 1684 1162 1746; x_wconf 79' lang='lat' dir='ltr'><strong>conscientian</strong></span> 
     </span>
     <span class='ocr_line' id='line_1_17' title="bbox 123 1763 1125 1848; baseline -0.002 -24"><span class='ocrx_word' id='word_1_120' title='bbox 123 1763 229 1826; x_wconf 87' lang='lat' dir='ltr'><strong>l&#39;retus</strong></span> <span class='ocrx_word' id='word_1_121' title='bbox 250 1766 283 1826; x_wconf 90' lang='lat' dir='ltr'><strong>in</strong></span> <span class='ocrx_word' id='word_1_122' title='bbox 301 1766 423 1848; x_wconf 82' lang='lat' dir='ltr'><strong>regiam</strong></span> <span class='ocrx_word' id='word_1_123' title='bbox 445 1778 588 1839; x_wconf 87' lang='lat' dir='ltr'><strong>venerat,</strong></span> <span class='ocrx_word' id='word_1_124' title='bbox 611 1776 728 1835; x_wconf 89' lang='lat' dir='ltr'><strong>tamen,</strong></span> <span class='ocrx_word' id='word_1_125' title='bbox 755 1776 792 1822; x_wconf 91' lang='lat' dir='ltr'><strong>ut</strong></span> <span class='ocrx_word' id='word_1_126' title='bbox 812 1765 915 1826; x_wconf 86' lang='lat' dir='ltr'><strong>iussus</strong></span> <span class='ocrx_word' id='word_1_127' title='bbox 937 1778 986 1826; x_wconf 89' lang='lat' dir='ltr'><strong>est</strong></span> <span class='ocrx_word' id='word_1_128' title='bbox 1007 1764 1125 1824; x_wconf 80' lang='lat' dir='ltr'><strong>fratres</strong></span> 
     </span>
     <span class='ocr_line' id='line_1_18' title="bbox 123 1843 1125 1936; baseline -0.005 -29"><span class='ocrx_word' id='word_1_129' title='bbox 123 1865 198 1912; x_wconf 82' lang='lat' dir='ltr'><strong>suos</strong></span> <span class='ocrx_word' id='word_1_130' title='bbox 219 1844 392 1918; x_wconf 86' lang='lat' dir='ltr'><strong>exhibere,</strong></span> <span class='ocrx_word' id='word_1_131' title='bbox 421 1843 592 1914; x_wconf 80' lang='lat' dir='ltr'><strong>admodum</strong></span> <span class='ocrx_word' id='word_1_132' title='bbox 620 1844 753 1902; x_wconf 85' lang='lat' dir='ltr'><strong>iuvenes</strong></span> <span class='ocrx_word' id='word_1_133' title='bbox 781 1855 814 1902; x_wconf 89' lang='lat' dir='ltr'><strong>et</strong></span> <span class='ocrx_word' id='word_1_134' title='bbox 834 1846 904 1926; x_wconf 85' lang='lat' dir='ltr'><strong>regi</strong></span> <span class='ocrx_word' id='word_1_135' title='bbox 933 1846 1061 1936; x_wconf 71' lang='lat' dir='ltr'><strong>ignotos</strong></span> <span class='ocrx_word' id='word_1_136' title='bbox 1083 1843 1125 1902; x_wconf 83' lang='lat' dir='ltr'><strong>ob</strong></span> 
     </span>
     <span class='ocr_line' id='line_1_19' title="bbox 122 1921 1126 1998; baseline -0.003 -15"><span class='ocrx_word' id='word_1_137' title='bbox 122 1934 272 1998; x_wconf 81' lang='lat' dir='ltr'><strong>aetatem,</strong></span> <span class='ocrx_word' id='word_1_138' title='bbox 293 1921 409 1983; x_wconf 86' lang='lat' dir='ltr'><strong>lidueia</strong></span> <span class='ocrx_word' id='word_1_139' title='bbox 430 1923 462 1982; x_wconf 88' lang='lat' dir='ltr'><strong>in</strong></span> <span class='ocrx_word' id='word_1_140' title='bbox 483 1921 729 1994; x_wconf 65' lang='lat' dir='ltr'><strong>sollicitudinem</strong></span> <span class='ocrx_word' id='word_1_141' title='bbox 749 1933 854 1998; x_wconf 80' lang='lat' dir='ltr'><strong>versa,</strong></span> <span class='ocrx_word' id='word_1_142' title='bbox 876 1936 925 1982; x_wconf 88' lang='lat' dir='ltr'><strong>tre</strong></span> <span class='ocrx_word' id='word_1_143' title='bbox 951 1924 1126 1982; x_wconf 82' lang='lat' dir='ltr'><strong>rdarecne·</strong></span> 
     </span>
     <span class='ocr_line' id='line_1_20' title="bbox 123 1945 1126 2086; baseline -0.003 -24"><span class='ocrx_word' id='word_1_144' title='bbox 123 2001 183 2084; x_wconf 85' lang='lat' dir='ltr'><strong>pit,</strong></span> <span class='ocrx_word' id='word_1_145' title='bbox 204 2002 330 2083; x_wconf 84' lang='lat' dir='ltr'><strong>saepius</strong></span> <span class='ocrx_word' id='word_1_146' title='bbox 352 2024 433 2086; x_wconf 85' lang='lat' dir='ltr'><strong>quae</strong></span> <span class='ocrx_word' id='word_1_147' title='bbox 454 2021 573 2062; x_wconf 84' lang='lat' dir='ltr'><strong>nocere</strong></span> <span class='ocrx_word' id='word_1_148' title='bbox 595 2013 744 2082; x_wconf 79' lang='lat' dir='ltr'><strong>possent,</strong></span> <span class='ocrx_word' id='word_1_149' title='bbox 765 2022 859 2084; x_wconf 76' lang='lat' dir='ltr'><strong>quarn</strong></span> <span class='ocrx_word' id='word_1_150' title='bbox 881 1945 995 2086; x_wconf 69' lang='lat' dir='ltr'><strong>quillus</strong></span> <span class='ocrx_word' id='word_1_151' title='bbox 1017 1999 1126 2062; x_wconf 86' lang='lat' dir='ltr'><strong>elude·</strong></span> 
     </span>
     <span class='ocr_line' id='line_1_21' title="bbox 123 2081 1167 2166; baseline -0.004 -22"><span class='ocrx_word' id='word_1_152' title='bbox 123 2093 185 2158; x_wconf 84' lang='lat' dir='ltr'><strong>ret,</strong></span> <span class='ocrx_word' id='word_1_153' title='bbox 206 2094 367 2164; x_wconf 81' lang='lat' dir='ltr'><strong>reputans.</strong></span> <span class='ocrx_word' id='word_1_154' title='bbox 408 2085 470 2144; x_wconf 86' lang='lat' dir='ltr'><strong>Iam</strong></span> <span class='ocrx_word' id='word_1_155' title='bbox 493 2081 659 2163; x_wconf 80' lang='lat' dir='ltr'><strong>armigeri,</strong></span> <span class='ocrx_word' id='word_1_156' title='bbox 689 2081 809 2165; x_wconf 81' lang='lat' dir='ltr'><strong>quibus</strong></span> <span class='ocrx_word' id='word_1_157' title='bbox 829 2083 1020 2166; x_wconf 86' lang='lat' dir='ltr'><strong>imperatum</strong></span> <span class='ocrx_word' id='word_1_158' title='bbox 1047 2091 1167 2155; x_wconf 82' lang='lat' dir='ltr'><strong>erat,ts</strong></span> 
     </span>
     <span class='ocr_line' id='line_1_22' title="bbox 122 2159 1126 2244; baseline -0.002 -22"><span class='ocrx_word' id='word_1_159' title='bbox 122 2163 343 2244; x_wconf 82' lang='lat' dir='ltr'><strong>produxerant</strong></span> <span class='ocrx_word' id='word_1_160' title='bbox 363 2184 437 2242; x_wconf 88' lang='lat' dir='ltr'><strong>eos,</strong></span> <span class='ocrx_word' id='word_1_161' title='bbox 466 2183 537 2224; x_wconf 84' lang='lat' dir='ltr'><strong>cum</strong></span> <span class='ocrx_word' id='word_1_162' title='bbox 568 2183 758 2244; x_wconf 80' lang='lat' dir='ltr'><strong>exsanguem</strong></span> <span class='ocrx_word' id='word_1_163' title='bbox 786 2176 875 2224; x_wconf 88' lang='lat' dir='ltr'><strong>metu</strong></span> <span class='ocrx_word' id='word_1_164' title='bbox 901 2159 1126 2241; x_wconf 80' lang='lat' dir='ltr'><strong>Polydamanta</strong></span> 
     </span>
     <span class='ocr_line' id='line_1_23' title="bbox 121 2241 1131 2326; baseline -0.002 -24"><span class='ocrx_word' id='word_1_165' title='bbox 121 2245 256 2326; x_wconf 82' lang='lat' dir='ltr'><strong>propius</strong></span> <span class='ocrx_word' id='word_1_166' title='bbox 267 2243 423 2311; x_wconf 85' lang='lat' dir='ltr'><strong>accedere</strong></span> <span class='ocrx_word' id='word_1_167' title='bbox 439 2244 544 2304; x_wconf 88' lang='lat' dir='ltr'><strong>iubet:</strong></span> <span class='ocrx_word' id='word_1_168' title='bbox 566 2243 796 2325; x_wconf 83' lang='lat' dir='ltr'><strong>summotisque</strong></span> <span class='ocrx_word' id='word_1_169' title='bbox 811 2244 968 2318; x_wconf 87' lang='lat' dir='ltr'><strong>omnibus,</strong></span> <span class='ocrx_word' id='word_1_170' title='bbox 984 2241 1131 2316; x_wconf 74' lang='lat' dir='ltr'><strong>Scelere,</strong></span> 
     </span>
     <span class='ocr_line' id='line_1_24' title="bbox 121 2323 1127 2416; baseline -0.004 -32"><span class='ocrx_word' id='word_1_171' title='bbox 121 2323 233 2408; x_wconf 81' lang='lat' dir='ltr'><strong>inquit,</strong></span> <span class='ocrx_word' id='word_1_172' title='bbox 255 2325 475 2404; x_wconf 71' lang='lat' dir='ltr'><strong>l³armeni0nis</strong></span> <span class='ocrx_word' id='word_1_173' title='bbox 497 2344 606 2384; x_wconf 88' lang='lat' dir='ltr'><strong>omues</strong></span> <span class='ocrx_word' id='word_1_174' title='bbox 627 2323 748 2416; x_wconf 84' lang='lat' dir='ltr'><strong>pariter</strong></span> <span class='ocrx_word' id='word_1_175' title='bbox 770 2325 900 2406; x_wconf 85' lang='lat' dir='ltr'><strong>appetiti</strong></span> <span class='ocrx_word' id='word_1_176' title='bbox 921 2343 1040 2394; x_wconf 84' lang='lat' dir='ltr'><strong>sumus,</strong></span> <span class='ocrx_word' id='word_1_177' title='bbox 1061 2341 1127 2392; x_wconf 78' lang='lat' dir='ltr'><strong>rna·</strong></span> 
     </span>
     <span class='ocr_line' id='line_1_25' title="bbox 121 2399 1167 2488; baseline -0.001 -27"><span class='ocrx_word' id='word_1_178' title='bbox 121 2403 206 2466; x_wconf 73' lang='lat' dir='ltr'><strong>sime</strong></span> <span class='ocrx_word' id='word_1_179' title='bbox 236 2423 297 2486; x_wconf 79' lang='lat' dir='ltr'><strong>ego</strong></span> <span class='ocrx_word' id='word_1_180' title='bbox 325 2425 361 2466; x_wconf 92' lang='lat' dir='ltr'><strong>ac</strong></span> <span class='ocrx_word' id='word_1_181' title='bbox 385 2417 443 2479; x_wconf 80' lang='lat' dir='ltr'><strong>tu,</strong></span> <span class='ocrx_word' id='word_1_182' title='bbox 474 2423 556 2488; x_wconf 89' lang='lat' dir='ltr'><strong>quos</strong></span> <span class='ocrx_word' id='word_1_183' title='bbox 584 2403 738 2463; x_wconf 79' lang='lat' dir='ltr'><strong>amicitiae</strong></span> <span class='ocrx_word' id='word_1_184' title='bbox 767 2406 883 2485; x_wconf 78' lang='lat' dir='ltr'><strong>specie*</strong></span> <span class='ocrx_word' id='word_1_185' title='bbox 905 2403 1034 2464; x_wconf 86' lang='lat' dir='ltr'><strong>l&#39;el&#39;ellit.</strong></span> <span class='ocrx_word' id='word_1_186' title='bbox 1075 2399 1167 2462; x_wconf 67' lang='lat' dir='ltr'><strong>Adit</strong></span> 
     </span>
     <span class='ocr_line' id='line_1_26' title="bbox 123 2483 1127 2622; baseline -0.004 -78"><span class='ocrx_word' id='word_1_187' title='bbox 123 2505 220 2622; x_wconf 67' lang='lat' dir='ltr'><strong>puem</strong></span> <span class='ocrx_word' id='word_1_188' title='bbox 249 2485 509 2568; x_wconf 84' lang='lat' dir='ltr'><strong>persequendum</strong></span> <span class='ocrx_word' id='word_1_189' title='bbox 546 2483 807 2567; x_wconf 79' lang='lat' dir='ltr'><strong>puniendumque</strong></span> <span class='ocrx_word' id='word_1_190' title='bbox 848 2485 939 2558; x_wconf 76' lang='lat' dir='ltr'><strong>[ride</strong></span> <span class='ocrx_word' id='word_1_191' title='bbox 974 2494 1127 2566; x_wconf 89' lang='lat' dir='ltr'><strong>quantum</strong></span> 
     </span>
     <span class='ocr_line' id='line_1_27' title="bbox 136 2561 1163 2642; baseline -0.004 -20"><span class='ocrx_word' id='word_1_192' title='bbox 136 2563 199 2624; x_wconf 75' lang='lat' dir='ltr'><strong>adei</strong></span> <span class='ocrx_word' id='word_1_193' title='bbox 212 2577 286 2624; x_wconf 86' lang='lat' dir='ltr'><strong>tuae</strong></span> <span class='ocrx_word' id='word_1_194' title='bbox 301 2565 446 2642; x_wconf 86' lang='lat' dir='ltr'><strong>credam)</strong></span> <span class='ocrx_word' id='word_1_195' title='bbox 465 2576 497 2624; x_wconf 89' lang='lat' dir='ltr'><strong>te</strong></span> <span class='ocrx_word' id='word_1_196' title='bbox 519 2565 663 2626; x_wconf 81' lang='lat' dir='ltr'><strong>ministro</strong></span> <span class='ocrx_word' id='word_1_197' title='bbox 685 2563 733 2622; x_wconf 90' lang='lat' dir='ltr'><strong>uti</strong></span> <span class='ocrx_word' id='word_1_198' title='bbox 754 2566 856 2627; x_wconf 87' lang='lat' dir='ltr'><strong>statui.</strong></span> <span class='ocrx_word' id='word_1_199' title='bbox 880 2563 1029 2635; x_wconf 82' lang='lat' dir='ltr'><strong>Obsides,</strong></span> <span class='ocrx_word' id='word_1_200' title='bbox 1051 2561 1163 2620; x_wconf 86' lang='lat' dir='ltr'><strong>dum15</strong></span> 
     </span>
    </p>
   </div>
   <div class='ocr_carea' id='block_1_3' title="bbox 124 2640 1127 2781">
    <p class='ocr_par' dir='ltr' id='par_1_4' title="bbox 124 2640 1127 2781">
     <span class='ocr_line' id='line_1_28' title="bbox 124 2640 1127 2781; baseline -0.001 -81"><span class='ocrx_word' id='word_1_201' title='bbox 124 2640 187 2702; x_wconf 79' lang='lat' dir='ltr'><strong>laos</strong></span> <span class='ocrx_word' id='word_1_202' title='bbox 200 2645 345 2781; x_wconf 70' lang='lat' dir='ltr'><strong>peragis,</strong></span> <span class='ocrx_word' id='word_1_203' title='bbox 368 2659 461 2706; x_wconf 89' lang='lat' dir='ltr'><strong>erunt</strong></span> <span class='ocrx_word' id='word_1_204' title='bbox 482 2644 599 2704; x_wconf 75' lang='lat' dir='ltr'><strong>fratres</strong></span> <span class='ocrx_word' id='word_1_205' title='bbox 624 2644 680 2704; x_wconf 85' lang='lat' dir='ltr'><strong>tui.</strong></span> <span class='ocrx_word' id='word_1_206' title='bbox 702 2644 914 2706; x_wconf 84' lang='lat' dir='ltr'><strong>Proficiscere</strong></span> <span class='ocrx_word' id='word_1_207' title='bbox 929 2645 961 2702; x_wconf 89' lang='lat' dir='ltr'><strong>iu</strong></span> <span class='ocrx_word' id='word_1_208' title='bbox 979 2641 1127 2714; x_wconf 81' lang='lat' dir='ltr'><strong>Mediam,</strong></span> 
     </span>
    </p>
   </div>
   <div class='ocr_carea' id='block_1_4' title="bbox 126 2724 1127 2804">
    <p class='ocr_par' dir='ltr' id='par_1_5' title="bbox 126 2724 1127 2804">
     <span class='ocr_line' id='line_1_29' title="bbox 126 2724 1127 2804; baseline -0.011 -16"><span class='ocrx_word' id='word_1_209' title='bbox 126 2729 197 2778; x_wconf 69' lang='lat' dir='ltr'><strong>eia</strong></span> <span class='ocrx_word' id='word_1_210' title='bbox 239 2724 424 2802; x_wconf 83' lang='lat' dir='ltr'><strong>praefectos</strong></span> <span class='ocrx_word' id='word_1_211' title='bbox 445 2745 534 2786; x_wconf 87' lang='lat' dir='ltr'><strong>meos</strong></span> <span class='ocrx_word' id='word_1_212' title='bbox 556 2725 678 2786; x_wconf 86' lang='lat' dir='ltr'><strong>litteras</strong></span> <span class='ocrx_word' id='word_1_213' title='bbox 700 2725 833 2804; x_wconf 87' lang='lat' dir='ltr'><strong>scriptas</strong></span> <span class='ocrx_word' id='word_1_214' title='bbox 855 2744 948 2782; x_wconf 82' lang='lat' dir='ltr'><strong>ruanu</strong></span> <span class='ocrx_word' id='word_1_215' title='bbox 963 2740 1033 2779; x_wconf 87' lang='lat' dir='ltr'><strong>mea</strong></span> <span class='ocrx_word' id='word_1_216' title='bbox 1054 2741 1127 2800; x_wconf 88' lang='lat' dir='ltr'><strong>per-</strong></span> 
     </span>
    </p>
   </div>
   <div class='ocr_carea' id='block_1_5' title="bbox 153 2885 310 2897">
    <p class='ocr_par' dir='ltr' id='par_1_6' title="bbox 153 2885 310 2897">
     <span class='ocr_line' id='line_1_30' title="bbox 153 2885 310 2897; baseline -0.006 0"><span class='ocrx_word' id='word_1_217' title='bbox 153 2885 310 2897; x_wconf 53' lang='lat' dir='ltr'><strong>m</strong></span> 
     </span>
    </p>
   </div>
   <div class='ocr_carea' id='block_1_6' title="bbox 124 2984 1127 3596">
    <p class='ocr_par' dir='ltr' id='par_1_7' title="bbox 192 2984 758 3056">
     <span class='ocr_line' id='line_1_31' title="bbox 192 2984 758 3056; baseline 0.004 -22"><span class='ocrx_word' id='word_1_218' title='bbox 192 2985 223 3046; x_wconf 69' lang='grc' dir='ltr'><strong>(ἡ</strong></span> <span class='ocrx_word' id='word_1_219' title='bbox 242 2984 318 3035; x_wconf 73' lang='lat' dir='ltr'><strong>Frslr,</strong></span> <span class='ocrx_word' id='word_1_220' title='bbox 339 2987 425 3036; x_wconf 84' lang='lat' dir='ltr'><strong>omitt.</strong></span> <span class='ocrx_word' id='word_1_221' title='bbox 450 2992 560 3056; x_wconf 76' lang='lat' dir='ltr'><strong>qrtoqite</strong></span> <span class='ocrx_word' id='word_1_222' title='bbox 579 2996 642 3055; x_wconf 85' lang='lat' dir='ltr'><strong>post</strong></span> <span class='ocrx_word' id='word_1_223' title='bbox 661 3004 758 3053; x_wconf 78' lang='lat' dir='ltr'><strong>regem.</strong></span> 
     </span>
    </p>

    <p class='ocr_par' dir='ltr' id='par_1_8' title="bbox 124 3053 1127 3467">
     <span class='ocr_line' id='line_1_32' title="bbox 191 3053 1127 3124; baseline 0.003 -20"><span class='ocrx_word' id='word_1_224' title='bbox 191 3057 222 3118; x_wconf 72' lang='lat'><strong>9)</strong></span> <span class='ocrx_word' id='word_1_225' title='bbox 244 3055 278 3106; x_wconf 88' lang='lat' dir='ltr'><strong>al.</strong></span> <span class='ocrx_word' id='word_1_226' title='bbox 299 3071 330 3104; x_wconf 84' lang='lat' dir='ltr'><strong>eu</strong></span> <span class='ocrx_word' id='word_1_227' title='bbox 340 3053 420 3124; x_wconf 83' lang='lat' dir='ltr'><strong>fide;</strong></span> <span class='ocrx_word' id='word_1_228' title='bbox 437 3055 493 3105; x_wconf 87' lang='lat' dir='ltr'><strong>Pal.</strong></span> <span class='ocrx_word' id='word_1_229' title='bbox 524 3071 544 3104; x_wconf 88' lang='lat' dir='ltr'><strong>r.</strong></span> <span class='ocrx_word' id='word_1_230' title='bbox 573 3065 709 3106; x_wconf 73' lang='lat' dir='ltr'><strong>revertur.</strong></span> <span class='ocrx_word' id='word_1_231' title='bbox 740 3083 772 3092; x_wconf 94' lang='lat'>-</span> <span class='ocrx_word' id='word_1_232' title='bbox 798 3054 870 3106; x_wconf 86' lang='lat' dir='ltr'><strong>Mod.</strong></span> <span class='ocrx_word' id='word_1_233' title='bbox 896 3055 1004 3106; x_wconf 74' lang='lat' dir='ltr'><strong>‹rhsolri</strong></span> <span class='ocrx_word' id='word_1_234' title='bbox 1029 3058 1127 3109; x_wconf 79' lang='lat' dir='ltr'><strong>aruisse</strong></span> 
     </span>
     <span class='ocr_line' id='line_1_33' title="bbox 124 3121 1127 3191; baseline 0.004 -21"><span class='ocrx_word' id='word_1_235' title='bbox 124 3139 212 3191; x_wconf 82' lang='lat' dir='ltr'><strong>posse.</strong></span> <span class='ocrx_word' id='word_1_236' title='bbox 233 3151 264 3160; x_wconf 91' lang='lat'><em>-</em></span> <span class='ocrx_word' id='word_1_237' title='bbox 275 3132 462 3191; x_wconf 69' lang='lat' dir='ltr'><strong>prorespectu</strong></span> <span class='ocrx_word' id='word_1_238' title='bbox 480 3139 539 3170; x_wconf 82' lang='lat' dir='ltr'><strong>esse</strong></span> <span class='ocrx_word' id='word_1_239' title='bbox 561 3121 650 3178; x_wconf 85' lang='lat' dir='ltr'><strong>Codd.</strong></span> <span class='ocrx_word' id='word_1_240' title='bbox 670 3141 803 3190; x_wconf 78' lang='lat' dir='ltr'><strong>strperure</strong></span> <span class='ocrx_word' id='word_1_241' title='bbox 810 3142 821 3186; x_wconf 85' lang='lat'><strong>,·</strong></span> <span class='ocrx_word' id='word_1_242' title='bbox 843 3125 910 3175; x_wconf 89' lang='lat' dir='ltr'><strong>illud</strong></span> <span class='ocrx_word' id='word_1_243' title='bbox 922 3135 961 3176; x_wconf 85' lang='lat' dir='ltr'><strong>est</strong></span> <span class='ocrx_word' id='word_1_244' title='bbox 973 3143 987 3176; x_wconf 88' lang='lat' dir='ltr'><strong>e</strong></span> <span class='ocrx_word' id='word_1_245' title='bbox 1000 3129 1070 3178; x_wconf 85' lang='lat' dir='ltr'><strong>cuni.</strong></span> <span class='ocrx_word' id='word_1_246' title='bbox 1080 3143 1127 3175; x_wconf 84' lang='lat' dir='ltr'><strong>ue·</strong></span> 
     </span>
     <span class='ocr_line' id='line_1_34' title="bbox 126 3190 1126 3261; baseline 0.003 -24"><span class='ocrx_word' id='word_1_247' title='bbox 126 3190 181 3240; x_wconf 85' lang='lat' dir='ltr'><strong>seio</strong></span> <span class='ocrx_word' id='word_1_248' title='bbox 201 3192 292 3256; x_wconf 89' lang='lat' dir='ltr'><strong>cuius;</strong></span> <span class='ocrx_word' id='word_1_249' title='bbox 321 3191 397 3246; x_wconf 86' lang='lat' dir='ltr'><strong>Mod.</strong></span> <span class='ocrx_word' id='word_1_250' title='bbox 424 3194 596 3255; x_wconf 74' lang='lat' dir='ltr'><strong>suspectari,</strong></span> <span class='ocrx_word' id='word_1_251' title='bbox 624 3193 730 3260; x_wconf 86' lang='lat' dir='ltr'><strong>Zumpt.</strong></span> <span class='ocrx_word' id='word_1_252' title='bbox 750 3193 879 3261; x_wconf 75' lang='lat' dir='ltr'><strong>proponit</strong></span> <span class='ocrx_word' id='word_1_253' title='bbox 904 3197 1028 3258; x_wconf 71' lang='lat' dir='ltr'><strong>sperari,</strong></span> <span class='ocrx_word' id='word_1_254' title='bbox 1057 3192 1126 3243; x_wconf 87' lang='lat' dir='ltr'><strong>Cnd.</strong></span> 
     </span>
     <span class='ocr_line' id='line_1_35' title="bbox 126 3257 1126 3330; baseline 0.002 -23"><span class='ocrx_word' id='word_1_255' title='bbox 126 3259 339 3310; x_wconf 76' lang='lat' dir='ltr'><strong>constantiensis</strong></span> <span class='ocrx_word' id='word_1_256' title='bbox 363 3267 431 3316; x_wconf 83' lang='lat' dir='ltr'><strong>testo</strong></span> <span class='ocrx_word' id='word_1_257' title='bbox 451 3257 588 3310; x_wconf 81' lang='lat' dir='ltr'><strong>Mattltaeo</strong></span> <span class='ocrx_word' id='word_1_258' title='bbox 607 3261 707 3310; x_wconf 86' lang='lat' dir='ltr'><strong>Klokio</strong></span> <span class='ocrx_word' id='word_1_259' title='bbox 726 3261 891 3330; x_wconf 77' lang='lat' dir='ltr'><strong>suppurare,</strong></span> <span class='ocrx_word' id='word_1_260' title='bbox 911 3260 985 3328; x_wconf 75' lang='lat' dir='ltr'><strong>qurtd</strong></span> <span class='ocrx_word' id='word_1_261' title='bbox 1003 3263 1126 3313; x_wconf 75' lang='lat' dir='ltr'><strong>Dukerus¹</strong></span> 
     </span>
     <span class='ocr_line' id='line_1_36' title="bbox 125 3323 1125 3398; baseline 0.004 -24"><span class='ocrx_word' id='word_1_262' title='bbox 125 3341 180 3376; x_wconf 84' lang='lat' dir='ltr'><strong>non</strong></span> <span class='ocrx_word' id='word_1_263' title='bbox 200 3325 318 3392; x_wconf 86' lang='lat' dir='ltr'><strong>damnat,</strong></span> <span class='ocrx_word' id='word_1_264' title='bbox 336 3326 535 3380; x_wconf 77' lang='lat' dir='ltr'><strong>Freinshemius</strong></span> <span class='ocrx_word' id='word_1_265' title='bbox 553 3323 657 3392; x_wconf 84' lang='lat' dir='ltr'><strong>laudat;</strong></span> <span class='ocrx_word' id='word_1_266' title='bbox 676 3329 749 3396; x_wconf 88' lang='lat' dir='ltr'><strong>quod</strong></span> <span class='ocrx_word' id='word_1_267' title='bbox 768 3332 789 3380; x_wconf 89' lang='lat' dir='ltr'><strong>si</strong></span> <span class='ocrx_word' id='word_1_268' title='bbox 809 3347 957 3396; x_wconf 87' lang='lat' dir='ltr'><strong>componas</strong></span> <span class='ocrx_word' id='word_1_269' title='bbox 975 3347 1036 3382; x_wconf 81' lang='lat' dir='ltr'><strong>curn</strong></span> <span class='ocrx_word' id='word_1_270' title='bbox 1058 3325 1081 3398; x_wconf 77' lang='lat'><strong>§-</strong></span> <span class='ocrx_word' id='word_1_271' title='bbox 1101 3327 1125 3378; x_wconf 89' lang='grc'><strong>8.</strong></span> 
     </span>
     <span class='ocr_line' id='line_1_37' title="bbox 126 3396 939 3467; baseline 0.004 -24"><span class='ocrx_word' id='word_1_272' title='bbox 126 3396 220 3462; x_wconf 83' lang='lat' dir='ltr'><strong>capitis</strong></span> <span class='ocrx_word' id='word_1_273' title='bbox 240 3396 374 3461; x_wconf 65' lang='lat' dir='ltr'><strong>anteced,</strong></span> <span class='ocrx_word' id='word_1_274' title='bbox 393 3397 558 3460; x_wconf 76' lang='lat' dir='ltr'><strong>intuentem</strong></span> <span class='ocrx_word' id='word_1_275' title='bbox 579 3399 672 3448; x_wconf 85' lang='lat' dir='ltr'><strong>venire</strong></span> <span class='ocrx_word' id='word_1_276' title='bbox 693 3400 779 3466; x_wconf 87' lang='lat' dir='ltr'><strong>possit</strong></span> <span class='ocrx_word' id='word_1_277' title='bbox 797 3409 939 3467; x_wconf 81' lang='lat' dir='ltr'><strong>soporata.</strong></span> 
     </span>
    </p>

    <p class='ocr_par' dir='ltr' id='par_1_9' title="bbox 126 3461 1125 3596">
     <span class='ocr_line' id='line_1_38' title="bbox 180 3461 1125 3540; baseline 0.002 -28"><span class='ocrx_word' id='word_1_278' title='bbox 180 3461 221 3530; x_wconf 81' lang='lat' dir='ltr'><strong>ra)</strong></span> <span class='ocrx_word' id='word_1_279' title='bbox 239 3463 396 3514; x_wconf 82' lang='lat' dir='ltr'><strong>eluderetur</strong></span> <span class='ocrx_word' id='word_1_280' title='bbox 413 3466 454 3514; x_wconf 78' lang='grc' dir='ltr'><strong>ΡΙ.</strong></span> <span class='ocrx_word' id='word_1_281' title='bbox 474 3465 550 3514; x_wconf 87' lang='lat' dir='ltr'><strong>Leid.</strong></span> <span class='ocrx_word' id='word_1_282' title='bbox 571 3467 646 3517; x_wconf 84' lang='lat' dir='ltr'><strong>Voss.</strong></span> <span class='ocrx_word' id='word_1_283' title='bbox 671 3475 699 3518; x_wconf 84' lang='lat'><strong>1.&#39;</strong></span> <span class='ocrx_word' id='word_1_284' title='bbox 717 3477 743 3519; x_wconf 87' lang='lat' dir='ltr'><strong>et</strong></span> <span class='ocrx_word' id='word_1_285' title='bbox 771 3469 918 3540; x_wconf 84' lang='lat' dir='ltr'><strong>pleraeque</strong></span> <span class='ocrx_word' id='word_1_286' title='bbox 942 3465 1012 3520; x_wconf 87' lang='lat' dir='ltr'><strong>Edd.</strong></span> <span class='ocrx_word' id='word_1_287' title='bbox 1030 3475 1125 3518; x_wconf 85' lang='lat' dir='ltr'><strong>assent.</strong></span> 
     </span>
     <span class='ocr_line' id='line_1_39' title="bbox 126 3526 853 3596; baseline 0.01 -20"><span class='ocrx_word' id='word_1_288' title='bbox 126 3526 239 3596; x_wconf 82' lang='lat' dir='ltr'><strong>Bothio;</strong></span> <span class='ocrx_word' id='word_1_289' title='bbox 259 3533 303 3582; x_wconf 86' lang='lat' dir='ltr'><strong>alii</strong></span> <span class='ocrx_word' id='word_1_290' title='bbox 323 3531 496 3584; x_wconf 77' lang='lat' dir='ltr'><strong>illuderetur.</strong></span> <span class='ocrx_word' id='word_1_291' title='bbox 850 3533 853 3540; x_wconf 74' lang='grc'>’</span> 
     </span>
    </p>
   </div>
   <div class='ocr_carea' id='block_1_7' title="bbox 0 0 1352 3876">
    <p class='ocr_par' dir='ltr' id='par_1_10' title="bbox 0 0 1352 3876">
     <span class='ocr_line' id='line_1_40' title="bbox 0 0 1352 3876; baseline 0 0"><span class='ocrx_word' id='word_1_292' title='bbox 0 0 1352 3876; x_wconf 95' lang='lat' dir='ltr'><strong> </strong></span> 
     </span>
    </p>
   </div>
  </div>
 </body>
</html>
