2688 3872
459 379 768 432 nuenarianam.
787 381 834 446 lx,
853 379 895 444 34.
1126 387 1172 438 ror

168 529 260 590 iden
290 525 435 608 eorporis
468 538 594 601 custos,
626 524 923 619 promtissimuaque
952 525 1107 603 bellator,
1141 544 1207 595 elea

154 649 158 654 -
171 610 259 690 pacis
284 608 405 667 artibus
427 627 521 690 quatu
542 606 671 669 militiae
693 606 795 668 maior
821 617 855 664 et
881 605 1015 682 clarior,
1040 608 1168 670 modico

172 689 322 769 civilique
344 685 444 760 cultu,
464 685 604 745 liberalis
625 686 657 750 in
678 685 799 765 primia,
821 684 972 765 adituque
994 685 1096 764 facili,
1125 693 1169 750 ui·

152 767 217 828 ,hil
243 787 283 827 ex
304 764 389 826 furtu
412 764 504 845 regio
530 775 728 825 assumserat.
772 761 824 824 Ob
851 763 931 822 haec
958 767 1029 846 regi
1056 789 1093 826 an
1114 789 1156 850 po
1174 791 1210 834 24

107 907 109 912 ,
171 846 339 928 puleribus
369 844 474 909 carior
502 855 606 918 esset,
640 843 779 903 dubitari
805 855 952 924 poterat,
984 857 1052 912 turn
1082 863 1170 910 certe

172 927 311 1020 primum
332 933 484 1003 expertus
506 943 639 995 suorum
665 923 799 999 animoa,
827 923 908 982 adeo
936 933 979 982 ut·
999 925 1172 1004 l'ortunatu,
1233 967 1237 980 ι

172 1002 204 1064 in
229 1024 324 1086 quam
347 1015 461 1082 postea
483 1001 642 1079 aseendit,
669 1003 702 1067 in
730 1001 786 1076 illo
815 1001 962 1082 periculo
982 1005 1172 1070 Macedones

154 1082 304 1144 -ominati
323 1101 393 1150 esee
412 1081 592 1160 videantur.
635 1081 766 1168 Quippe
793 1101 856 1142 non
882 1080 987 1142 levior
1013 1081 1074 1143 illle
1098 1087 1213 1156 Pto-25

155 1162 288 1223 lemaei
309 1159 372 1221 fuit
392 1179 479 1236 cura,
502 1181 597 1242 quam
617 1162 721 1240 regis:
752 1161 808 1243 qui
830 1171 863 1233 et
906 1160 1009 1222 roelio
1035 1173 1068 1221 et
1089 1165 1173 1223 solli-

175 1239 485 1322 citudinefatigatus
507 1260 580 1300 cum
603 1241 790 1300 Ptolemaeo
812 1180 978 1314 ualeret,
999 1242 1118 1320 lectum
1143 1244 1174 1302 in

154 1343 239 1404 quo
261 1320 330 1400 ipae
350 1319 588 1402 acquiesceret,
610 1319 701 1378 iussit
722 1317 844 1393 inferri.
885 1319 920 1395 ln
950 1339 1047 1417 quem
1076 1332 1112 1380 ut
1140 1341 1211 1388 aeae

125 1432 131 1440 -
174 1401 310 1480 recepit,
331 1401 477 1479 protinus
503 1400 598 1474 altior
619 1399 781 1475 insecutus
804 1409 852 1458 est
874 1417 1014 1462 somnus.
1037 1402 1086 1458 Ex
1109 1421 1174 1494 quo

155 1479 374 1558 excitatus,
419 1499 455 1538 er
490 1479 632 1562 quietem
661 1479 777 1538 vidisse
812 1497 847 1538 se
876 1479 1006 1558 exponit
1033 1499 1175 1559 speciem

175 1557 321 1618 draconis
349 1499 488 1617 oblltam
512 1557 646 1617 herbam
670 1556 804 1617 ferentia
834 1576 912 1632 ore,
939 1550 1034 1639 quam
1062 1541 1176 1636 veneni

173 1637 352 1698 remedium
372 1655 442 1709 ease
463 1648 686 1714 monstrasset:
723 1629 868 1696 colorem
896 1657 1027 1718 quoque
1055 1636 1175 1712 herbae
1185 1660 1211 1702 ετ

174 1715 358 1785 referebat,
397 1715 595 1796 agniturum,
631 1717 657 1775 si
686 1716 757 1796 quis
785 1715 978 1796 reperisset,¹
1002 1714 1174 1782 affirmans,

174 1799 337 1856 Inventam
358 1794 489 1870 deinde,
518 1795 638 1879 quippe
666 1816 684 1854 a
715 1793 829 1854 multia
848 1793 941 1852 simul
970 1807 1038 1854 erat
1065 1797 1174 1876 requi-

175 1877 251 1947 sita,
266 1873 391 1934 vulneri
412 1873 581 1966 imposuitt
604 1874 815 1954 protinusque
837 1872 950 1933 dolore
975 1873 1074 1948 linito,
1092 1875 1175 1938 intra

174 1955 276 2014 breve
298 1953 435 2034 spatium
458 1953 588 2012 cicatrix
611 1970 742 2034 quoque
775 1949 914 2012 obducta
935 1965 992 2014 eat.
1013 1953 1212 2016 Barbarosat

175 2046 212 2093 ut
230 2033 333 2112 prima
353 2052 427 2114 apes
455 2031 631 2100 fefellerat,
661 2051 696 2092 se
729 2031 814 2110 ipsoa
842 2030 1024 2116 urbemque
1046 2031 1176 2092 dedide-

179 2123 282 2173 runt..
972 2127 976 2140 ⁸

184 2221 187 2230 ⁴
256 2191 340 2252 Hinc
376 2191 409 2251 in
436 2191 613 2272 proximam
650 2202 776 2274 gentem
803 2187 956 2250 Pataliam
983 2185 1217 2272 perventumll

176 2285 236 2337 est.
277 2273 349 2332 Rex
378 2283 447 2332 erat
473 2267 611 2339 Moeris,
638 2271 693 2354 qni
720 2269 802 2329 urbe
831 2267 959 2328 deserta
992 2269 1024 2328 in
1052 2281 1176 2330 montes

158 2349 377 2434 profugerat.
421 2353 466 2411 lta
492 2371 533 2412 ue
561 2350 742 2411 Alexander
769 2347 889 2429 oppido
920 2347 1040 2430 potitur
1071 2357 1216 2431 agros-2⁹

178 2453 241 2514 que
264 2431 444 2512 populatur.
523 2429 633 2513 agnae
648 2431 722 2512 inde
750 2427 889 2515 praedae
911 2439 999 2486 actae
1025 2441 1097 2488 sunt
1121 2448 1176 2509 pe-

179 2531 291 2571 corum
316 2523 613 2591 armentorumque,
639 2531 752 2591 magna
780 2507 826 2566 vis
855 2517 986 2584 reperta
1014 2507 1176 2576 frumenti.

177 2588 322 2647 Ducibus
343 2590 458 2648 deinde
480 2589 588 2671 sumtis
610 2581 707 2647 am'nis
726 2585 847 2674 peritia,
868 2581 1001 2665 delluxit
1028 2587 1068 2646 ad
1093 2587 1215 2650 insu-ao

178 2667 242 2726 lam
263 2665 369 2727 medio
391 2665 495 2735 ferme
520 2667 622 2726 alveo*
636 2677 769 2728 enatam.

161 2743 164 2805 ζ
334 2743 382 2802 Ibi
402 2744 520 2803 diutius
542 2743 716 2820 subsistere
739 2751 884 2812 anactea,
906 2739 981 2822 quie
1004 2740 1102 2816 duces
1127 2760 1177 2802 so·

161 2803 222 2878 Β·
256 2821 384 2883 cordius
406 2817 557 2884 asser'vati
581 2821 803 2902 profugerant,
826 2813 910 2877 nisit
931 2819 988 2898 qui
1010 2838 1067 2877 con
1093 2819 1177 2879 uire-

163 2911 252 2962 -reut
271 2900 360 2979 alios,
380 2921 440 2962 nee
460 2901 607 2982 repertis,
620 2901 771 2985 pervicere
786 2896 906 2978 cupido
928 2897 1052 2974 risendi
1109 2917 1177 2960 cea-

202 3065 384 3080 —m

231 3183 263 3232 23
294 3181 370 3232 Frsh.
383 3179 489 3248 facilis.

161 3273 164 3284 ·
232 3249 264 3314 24
297 3253 329 3300 ul.
349 3248 519 3302 viderentur.

232 3333 263 3384 27
292 3316 370 3370 Frnh.
390 3319 587 3385 inventamque,
607 3325 634 3368 et
653 3318 740 3366 omitt.
761 3315 850 3366 simtd.

234 3388 267 3436 30
297 3387 353 3435 Pal.
375 3403 396 3435 1.
418 3388 503 3435 omitt.
525 3386 631 3434 sumtu.

175 3463 181 3468 “
253 3454 277 3521 ι)
297 3453 370 3504 run.
390 3463 484 3504 contra
503 3454 542 3502 Fl.
561 3453 636 3504 Leid.
657 3453 733 3505 Voss.
766 3468 786 3500 t.
807 3467 830 3499 a.
849 3445 937 3512 Bong.
955 3451 1017 3513 post
1037 3461 1058 3492 v.
1077 3438 1189 3510 cupido
