2688 3872
427 347 472 400 un
494 345 822 412 oesrtsatex.t⁷1tt‚
842 345 884 412 40.
1098 350 1146 413 tot
1177 376 1183 392 t

145 494 328 561 a-eustodia
353 495 446 556 huius
469 493 714 575 opportunitatis
731 494 841 555 oculos
864 494 1002 555 bostium
1022 507 1147 560 averte

144 587 214 650 ret,
250 575 466 636 Ptolemaeum
505 573 650 635 omnibus
688 574 801 632 turmis
833 573 1019 656 obequitare
1054 575 1145 636 iussit

168 655 260 718 rooul
282 654 392 730 insula,
414 665 446 713 et
466 652 599 714 subinde
620 650 713 713 ludos
737 653 876 714 elamore
897 666 1034 730 terrere,
1056 655 1154 742 quasi.

143 677 264 794 llumen
285 745 501 793 transnaturus
522 732 622 794 l'oret.
660 734 725 792 Per
746 731 926 820 complures
949 735 1015 798 dies
1038 735 1181 800 Ptole-1⁹

147 834 257 874 marus
278 813 311 872 id
337 812 430 889 fecit,
453 833 558 894 eoque
581 811 712 876 consilio
735 813 855 870 Porum
881 811 1010 895 quoque
1035 834 1147 894 agmen

146 913 243 954 suum
269 891 299 952 ei
319 893 423 974 parti,
453 913 547 976 quam
569 911 603 954 se
625 901 737 979 petere
759 890 944 964 sintttlabat,
966 895 1072 976 codgit
1094 894 1146 966 ad-

146 983 292 1035 vertere.
335 973 399 1032 lam
435 982 524 1030 extra
557 981 763 1049 conspectum
795 967 895 1030 hostis
932 971 1032 1032 insula
1067 985 1182 1038 eramo

146 1050 329 1112 Alexander
349 1050 381 1110 iu
402 1049 528 1110 diversa
549 1061 641 1130 parte
663 1049 752 1128 ripae
774 1049 867 1108 statui
892 1071 984 1110 suum
1004 1051 1148 1112 taberna·

147 1132 253 1191 culum
284 1130 392 1203 iussit,
414 1141 636 1211 assuetamque
671 1128 816 1188 comitari
844 1129 948 1208 ipsum
980 1129 1148 1198 cohortem

149 1221 222 1269 ante
243 1209 276 1270 id
297 1208 535 1268 tabernaculum
556 1219 656 1284 stare,
689 1220 722 1268 et
746 1228 871 1268 omnem
892 1230 907 1267 a
933 1221 1077 1289 paratum
1098 1231 1148 1280 re·

173 1289 220 1348 iae
235 1283 492 1370 magnificentiae
512 1287 652 1348 hostium
682 1287 781 1348 oeulis
804 1288 844 1347 de
865 1229 1016 1348 inditstria
1041 1301 1146 1350 osten-

146 1309 192 1428 di.
232 1369 394 1444 Attalum,
419 1379 452 1432 et
473 1368 637 1450 aequalem
669 1367 729 1435 sibi
750 1380 783 1429 et
803 1367 888 1426 haud
913 1367 1071 1449 disparem
1094 1369 1179 1438 ba-at

146 1446 217 1508 bitu
238 1447 302 1508 oris
331 1459 365 1508 et
391 1449 557 1528 corporis,
592 1439 704 1530 utique
733 1467 805 1508 cum
831 1448 948 1539 procul
978 1449 1146 1524 viseretur,

146 1538 238 1588 veste
253 1527 341 1609 regia
357 1537 498 1598 exornat,
514 1526 736 1607 praebiturum
751 1547 890 1607 spectem
911 1527 1013 1608 ipsum
1035 1548 1147 1608 regem

146 1605 194 1666 illi
213 1607 302 1684 ripae
345 1607 527 1680 raesidere,
548 1626 608 1668 neo
635 1608 754 1686 agitare
784 1606 825 1666 de
855 1607 997 1666 transitu.
1043 1609 1184 1668 Huiusaa

148 1685 273 1748 consilii
301 1627 455 1754 obertum
483 1685 587 1765 primo
617 1699 740 1745 morata
768 1696 940 1764 tempestas
975 1698 1040 1762 est,
1073 1709 1148 1752 mox

153 1765 283 1839 adiuvit,
304 1765 504 1825 incommoda
519 1784 650 1846 quoque
664 1764 703 1824 ad
725 1764 826 1822 bonos
843 1775 975 1824 eventus
1000 1778 1146 1829 vertente

148 1841 288 1905 fortuna.
331 1845 494 1905 'l'raiieere
516 1865 638 1913 amnem
674 1863 745 1914 cum
775 1843 892 1906 ceteris
923 1844 1022 1924 copiis
1044 1845 1074 1904 in
1096 1861 1185 1920 roste

171 1923 277 1984 ionem
292 1923 422 2000 insulae,
444 1923 484 1990 de
501 1944 563 2014 qua
577 1935 648 1994 ante
666 1922 786 1984 dictum
803 1935 861 1996 est,
877 1925 1019 2004 parabat,
1033 1947 1147 1988 averso

135 1943 241 2064 'lgroste
261 2004 292 2062 in
314 2024 386 2079 eos,
410 2005 465 2086 qui
487 2023 558 2064 cum
589 2003 776 2063 Ptolemaeo
804 2003 991 2062 inferiorem
1006 2003 1148 2073 ,obsede-

149 2093 220 2144 rant
240 2083 360 2163 ripam3
387 2104 460 2143 eum
482 2082 626 2164 procella
648 2082 781 2142 imbrem
802 2082 855 2143 vix
875 2083 1046 2142 subiectis
1066 2075 1148 2146 tole-

148 2161 280 2226 rabilem
306 2161 451 2226 ell'undit.
494 2162 678 2250 Obrutique
705 2162 820 2223 milites
844 2161 949 2222 nimbo
975 2163 1147 2240 interram

149 2239 356 2322 refugerunt,
389 2241 521 2324 navigiis
549 2241 737 2324 ratibusque
760 2241 904 2306 desertis.
946 2241 1011 2301 Sed
1031 2246 1147 2308 tumul·

92 2345 96 2350 ’
149 2321 303 2380 tuantium
326 2321 484 2396 fremitus,
508 2319 763 2401 obstrepentibus
787 2323 897 2397 ventis,
915 2322 953 2382 ab
973 2321 1066 2384 hoste
1081 2345 1146 2388 nou

150 2411 276 2480 poterat
304 2402 415 2463 audiri.
458 2400 583 2465 Deinde
609 2413 770 2462 momento
798 2404 951 2484 temporis
982 2418 1185 2484 repressum

151 2490 198 2540 est
218 2479 335 2557 imber,
369 2492 512 2546 ueterum
535 2480 615 2548 adeo
641 2482 759 2562 spissae
787 2482 956 2543 intendore
978 2502 1012 2542 se
1036 2484 1147 2562 nubes,

151 2569 187 2619 ut
211 2559 386 2628 conderent
407 2560 528 2633 lucem,
551 2559 666 2642 vixque
688 2560 938 2643 colloquentium
959 2563 1043 2622 inter
1059 2563 1146 2642 ipsos

151 2635 248 2700 facies
269 2641 493 2706 noscitaretur.
521 2640 702 2709 Terruisset
720 2639 812 2699 alium
836 2639 974 2711 obducta
990 2663 1052 2703 nox
1074 2657 1185 2704 coe-25

152 2717 194 2794 lo,
216 2738 287 2786 oum
311 2719 420 2801 ignoto
444 2739 533 2779 amne
555 2717 764 2798 navigandum
785 2731 877 2790 esset,
899 2717 1032 2779 forsitan
1053 2721 1145 2782 hoste

153 2814 221 2857 eam
240 2797 341 2879 ipsam
362 2800 476 2883 ripam,
498 2818 591 2886 quam
612 2797 699 2862 caeci
727 2808 822 2882 atque
853 2799 1025 2892 improvidi
1055 2809 1146 2876 etex

152 2984 343 3003 ψ

204 3151 251 3214 18)
272 3153 346 3209 Frslt.
365 3159 458 3202 contra
484 3161 552 3221 optt,
577 3151 664 3208 Codd.
697 3167 772 3202 oum
792 3151 921 3212 omuibus
951 3165 1046 3217 turm.,·
1074 3155 1146 3215 idem

155 3221 253 3286 procul
268 3221 307 3270 ab
327 3219 426 3270 insutu.
1126 3223 1128 3228 '

199 3288 249 3350 21)
269 3299 337 3357 optt.
356 3286 442 3340 Codd.
462 3287 584 3336 Attalum
601 3289 706 3339 etiam
725 3287 832 3362 nepttul.

201 3359 255 3416 22)Ι
269 3357 346 3408 Voss.
364 3361 389 3411 2.
410 3363 508 3422 transp.
526 3366 669 3423 tempestas
689 3367 797 3406 morata
815 3367 862 3406 est.

201 3423 248 3488 23)
264 3423 339 3475 Frsb.
360 3422 579 3491 obstrepentibus
600 3425 692 3493 ripis
715 3431 809 3476 contra
828 3426 869 3475 Fl.
888 3423 966 3475 Leid.
985 3424 1062 3477 Voss.
1082 3445 1102 3478 ι.
1119 3442 1142 3480 2.
