2686 3876
395 352 441 404 nn
459 348 585 404 cussis
604 349 703 402 aunx.
739 346 811 414 vui,
829 358 871 398 ιο.
1097 352 1129 405 n

133 505 190 567 tali
213 500 393 566 adulatione
422 497 639 562 contraheres.
680 493 746 556 Sed
776 496 926 580 quoniam
945 496 1052 574 abest,
1075 493 1173 582 'egone

132 586 192 648 tibi
212 606 273 667 pro
294 583 351 644 illo
371 579 572 664 respondeo,
604 574 727 636 nullium
751 597 822 640 esse
848 579 987 640 eundem
1008 591 1042 640 et
1063 579 1132 641 diu-

131 679 265 728 turnum
286 675 319 724 et
342 667 533 746 praecocem
556 657 713 736 fructum,
746 657 969 743 coelestesque
993 658 1135 724 honores

131 769 197 810 non
220 737 690 824 dareteregi,sedaul'er1·c.
738 738 908 800 Intervallo
937 741 1020 800 enim
1052 761 1134 822 opus

133 839 194 900 est,
215 834 251 885 ut
273 823 424 884 credatur
441 819 535 906 deus,
556 836 751 898 semperque
771 816 851 878 hanc
865 821 997 902 gratiam
1014 841 1062 880 ma
1087 823 1134 884 nis
1174 881 1178 888 ,

132 907 211 969 viris
232 903 354 986 posteri
373 899 523 964 reddunt.
567 899 639 978 Ego
661 909 767 958 autem
789 917 891 958 seram
919 841 1170 962 immortalia-ne

134 1000 202 1049 tem
222 1004 342 1066 precor
362 980 452 1064 regi,
484 990 521 1040 ut
548 989 580 1039 et
606 977 675 1044 vita
702 975 850 1038 diuturna
872 978 929 1055 sit,
950 993 984 1041 et
1008 991 1136 1042 aeterna
1204 975 1221 988 ”

134 1065 292 1130 maiestas.
334 1061 506 1124 Hominem
527 1057 734 1140 consequitur
763 1058 950 1142 aliquando,
976 1081 1134 1142 nunquam

135 1146 317 1220 comitatur,
338 1141 493 1204 divinitas.
522 1139 697 1208 Herculem
721 1139 819 1201 modo
840 1152 873 1200 ct
893 1141 1021 1202 Patrem
1041 1140 1174 1203 Libe-17

135 1248 211 1290 rum
249 1234 454 1288 consecratae
496 1217 739 1280 immortalitatis
776 1220 922 1302 exempla
959 1220 1136 1286 referebas.

138 1307 292 1368 Credisne
320 1303 392 1364 illos
425 1298 520 1362 unius
555 1297 693 1361 convivii
729 1297 863 1360 decreto
897 1299 974 1364 deos
1008 1299 1136 1362 factos?

136 1387 234 1448 Prius
263 1385 302 1446 ab
330 1383 430 1445 oculis
457 1379 638 1442 mortalium
666 1379 794 1440 amolita
818 1392 929 1442 natura
956 1394 1020 1456 est,
1042 1402 1137 1464 quam
1176 1441 1184 1448 ,

138 1469 170 1528 in
192 1466 317 1528 coelum
338 1461 421 1524 fama
444 1459 649 1544 perveheret.
691 1457 821 1522 Scilicet
842 1482 904 1544 ego
926 1475 959 1523 et
979 1473 1024 1536 tu,
1049 1462 1173 1537 Cleopa

140 1548 220 1608 deos
240 1543 390 1606 iacimus!
412 1565 429 1604 a
449 1539 539 1602 nobis
557 1539 726 1600 divinitatis
748 1560 823 1602 suae
845 1541 1066 1604 auctoritatem
1087 1564 1138 1606 ac·

141 1639 293 1708 cepturus
314 1635 364 1686 est
384 1622 457 1684 rex!
478 1620 653 1702 potentiam
680 1631 767 1680 tuam
793 1641 832 1680 cx
857 1623 933 1684 eriri
960 1623 1054 1688 libet:
1085 1623 1145 1688 sao

140 1708 279 1790 aliquem
316 1723 443 1786 regem,
482 1701 508 1762 si
555 1699 651 1760 deum
692 1712 785 1780 potes
825 1643 943 1764 idoare.
999 1701 1139 1768 Facilius

143 1800 192 1850 est
214 1786 340 1856 coelum
362 1785 457 1858 dare,
486 1801 581 1863 quam
609 1779 789 1859 imperium.
830 1782 883 1842 Dii
912 1783 1045 1863 propitii
1071 1783 1179 1845 sinc¹⁹

142 1867 271 1941 invidia,
292 1883 374 1948 quae
400 1863 478 1924 Cleo
503 1859 599 1934 dixit,
624 1858 796 1936 audierint,
826 1860 1005 1956 codemque
1032 1882 1146 1939 cursu,

144 1970 210 2033 quo
231 1945 354 2006 {luxere
376 1939 478 2003 adhuc
499 1960 562 2014 res,
582 1937 630 1998 ire
652 1937 821 2018 patiantur.
849 1943 973 2002 Nostris
997 1943 1141 2018 moribus

144 2029 244 2093 velint
263 2046 321 2087 nos
344 2043 414 2084 esse
439 2031 616 2083 contentos.
637 2019 707 2077 Non
752 2018 831 2080 udet
849 2027 982 2101 patriae,
1004 2041 1063 2082 nec
1086 2023 1142 2084 dc-

144 2109 263 2184 sidero,
287 2105 326 2168 ad
346 2124 444 2187 quem
465 2100 596 2162 modum
616 2119 675 2160 rex
694 2038 771 2160 miii
793 2100 945 2162 colendus
965 2101 1015 2179 sit,
1040 2101 1142 2164 disce·

145 2210 195 2252 re.
220 2189 308 2269 Quos
330 2183 480 2268 equidem
502 2180 641 2242 victores
663 2199 733 2240 esse
754 2178 925 2259 confiteor,
955 2184 983 2246 si
1010 2181 1049 2246 ab
1078 2183 1142 2255 illis

146 2271 246 2354 leges,
267 2266 338 2352 quis
362 2266 514 2339 vivamus,
535 2260 716 2341 accipimus.
991 2266 996 2282 ‘

228 2347 349 2430 Aequis
370 2344 497 2406 auribus
518 2339 724 2404 Callisthenes
742 2340 844 2403 veluti
864 2341 979 2404 uindex
994 2345 1183 2426 publicaew

147 2429 303 2495 libertatis
337 2424 538 2504 audiebatur.
592 2421 806 2501 Expresserat
836 2442 901 2484 non
933 2428 1144 2490 assensionem

147 2509 264 2578 modo,
286 2505 343 2568 sed
364 2505 458 2566 ctiam
479 2522 610 2577 vocem,
624 2501 792 2564 ,seniorum
816 2503 1008 2584 praecipue,
1028 2509 1144 2589 quibus

150 2589 256 2670 gravis
287 2597 356 2654 erat
389 2581 559 2646 inveterati
594 2581 691 2642 moris
727 2593 858 2642 externa
892 2586 1032 2646 mutatio.
1080 2589 1182 2651 Necaa

101 2717 107 2724 .
152 2665 322 2749 quicquam
342 2684 465 2734 eorum,
497 2676 579 2746 quae
598 2659 736 2724 invicem
762 2663 876 2722 iactata
895 2675 992 2738 erant,
1019 2683 1078 2726 rex
1098 2665 1143 2747 ig-

171 2861 350 2880 m

210 2983 253 3056 15)
271 3000 322 3054 pro
341 2983 461 3040 reddunt
477 2987 556 3043 Voss.
573 2993 599 3044 2·
617 2983 734 3038 Theocr.
751 2982 914 3040 retulerunt.

161 3069 165 3075 ·
207 3061 251 3116 ιω
269 3053 345 3110 Frsh.
366 3059 451 3106 omitt.
470 3067 496 3106 et
513 3063 573 3106 ante
591 3064 622 3106 ut
638 3055 710 3104 vito.

209 3123 253 3196 17)
273 3123 390 3175 Theocr.
408 3135 584 3175 consecratos
596 3123 800 3174 dumortalitate
812 3122 893 3187 Bong.
912 3129 978 3172 mut·
997 3117 1058 3172 ord.
1075 3119 1149 3171 Deos

149 3193 249 3265 suctos
267 3191 385 3246 decreto.
406 3218 440 3234 ·-
462 3208 512 3262 pro
532 3191 645 3242 amolita
664 3194 697 3241 al.
720 3191 822 3240 abolito
843 3194 892 3246 vel.
912 3198 1011 3242 amoto.
1078 3194 1083 3207 ¹

210 3263 251 3332 18)
270 3259 348 3379 Voles.
368 3279 394 3312 a.
411 3265 498 3314 omitt.
516 3273 557 3312 est
574 3267 636 3327 post
645 3257 779 3328 facilium·
796 3259 893 3312 deiude
911 3257 1049 3330 imperium
1067 3254 1148 3320 dare,

180 3341 241 3384 uam
259 3347 305 3380 coe
318 3349 370 3381 um.
1111 3337 1113 3340 '

146 3348 177 3430 ·q
209 3401 252 3468 19)
271 3396 360 3450 adhuc
376 3406 438 3467 post
446 3396 559 3466 fluxere
577 3394 653 3446 Frsh.
675 3403 769 3449 contra
789 3403 858 3466 opti.
876 3393 963 3453 Codd.
985 3393 1071 3445 omitt.

209 3471 254 3537 20)
272 3469 301 3520 P.
319 3478 419 3537 trunsp.
440 3482 534 3518 vocem
551 3464 641 3518 stz'em·
727 3511 729 3518 ,
