2688 3872
221 369 271 464 ua
506 409 517 448 a
577 397 612 464 Q.
630 359 843 450 coarrrnur'r
873 407 888 450 a

220 553 316 607 multas
331 547 365 600 'ad
377 546 556 602 Alexandrum
571 547 697 616 epistolas
707 553 808 612 ‚maten
819 545 916 600 multas
932 546 1074 614 turpiter
1088 546 1208 612 miserat,

221 621 392 686 uicissimque
409 619 479 668 alter
498 618 612 668 alterum
630 623 786 680 arroganter
805 624 832 666 et
849 615 1094 682 acerbepleraque
1109 613 1203 666 iacere

222 687 445 746 criminabantur,
467 701 535 752 quae
567 683 602 734 ad
625 682 748 734 dedecus
765 691 810 733 aut
838 682 1026 736 detrimentum
1045 682 1132 747 regiae
1146 699 1210 735 ma·

221 756 321 807 iestatis
338 756 511 823 pertinerent.
549 752 694 819 Postquam
721 751 750 819 8)
778 751 850 801 enim
868 767 961 802 rumor
979 751 1063 802 occisi
1082 752 1152 815 regis
1166 758 1209 803 te·

220 839 295 874 mere
313 826 430 888 vulgatus
448 823 475 871 in
494 820 679 871 Macedoniam
706 821 909 887 persuasisset,
936 827 1022 869 mater
1039 819 1096 868 eius
1115 833 1210 868 soror·

220 905 273 958 que
290 891 433 959 Cleopatra
449 889 624 940 tumultuatae
647 887 768 950 fuerant,
794 895 821 938 et
843 888 909 938 haec
934 885 1209 954 quidempaternum

219 975 350 1026 regnum,
381 957 517 1026 Olympias
550 957 660 1024 Epirum
693 955 832 1006 invaserat.
875 956 957 1009 Forte
983 955 1046 1005 dum
1075 953 1209 1004 eiusmodi

220 1028 325 1079 litterae
350 1026 516 1088 redduntur,
544 1023 741 1091 Hephaestion,
768 1031 887 1074 assuetus
904 1023 1023 1074 omnium
1049 1037 1211 1074 arcanorum
1236 1029 1239 1034 '

219 1111 249 1146 se
266 1096 430 1165 participem·
442 1092 544 1156 haberi,
563 1092 707 1157 resignatas
725 1091 758 1140 ah
775 1091 968 1150 othlexandro
986 1092 1064 1141 simul
1082 1091 1211 1158 inspicie-

219 1163 275 1219 bat.
311 1163 405 1229 Neque
421 1161 503 1212 vetuit
520 1177 581 1210 eum
598 1174 662 1222 rer,
688 1157 736 1209 sed
747 1158 903 1212 ‘detractum
919 1160 1011 1226 digito
1034 1159 1143 1208 anulum
1168 1158 1210 1210 ori

220 1233 331 1298 legentis
348 1230 478 1289 admouit,
492 1227 557 1278 nihil
576 1243 684 1280 eorum.
705 1244 773 1294 quae
792 1229 942 1296 perscripta
960 1235 1063 1278 essent.
1086 1227 1124 1275 in«
1140 1219 1209 1278 atilli

219 1297 387 1351 efferendum
404 1296 561 1364 significans.
596 1297 729 1346 Incusasse
759 1294 800 1363 ιο)
822 1304 917 1347 *autem
941 1295 1033 1346 ambos
1059 1294 1161 1354 lemur,
1183 1301 1211 1345 et

220 1369 311 1418 matris
335 1367 476 1416 insolentia
497 1372 648 1432 permotum
673 1363 850 1427 exclamasse,
882 1379 1016 1432 cumpro
1043 1361 1211 1416 habitatione

220 1435 316 1487 decem
333 1435 473 1497 meusium,
509 1435 570 1481 uam
586 1432 614 1480 in
631 1439 708 1482 utero
732 1429 783 1481 sibi
806 1432 986 1499 praebuisset,
1008 1447 1115 1496 gravem
1137 1445 1210 1482 mer·

222 1503 317 1557 oedem
344 1503 464 1568 exigere:
490 1450 676 1568 thutipatrum·
691 1514 753 1549 vero
782 1508 936 1568 suspectum
961 1499 1101 1564 habuisse,
1133 1499 1210 1566 quasi

221 1579 298 1652 parta
317 1587 352 1635 ex,
375 1569 509 1638 Spartanis
533 1567 644 1619 victoria
665 1567 806 1618 tollentem
833 1569 950 1628 animos,
979 1575 1005 1618 et
1027 1568 1140 1635 imperio
1166 1574 1212 1617 tot

200 1635 275 1689 ‘ram
299 1640 327 1688 in
351 1654 434 1688 anuos
459 1644 605 1706 prorogato
630 1636 861 1704 suprapraelecti
883 1635 1002 1688 modurn*
1020 1637 1130 1689 elatum.
1155 1635 1209 1685 lta·

201 1723 275 1774 que
297 1723 359 1757 cum
374 1707 439 1757 -eius
465 1706 584 1771 gravitas,
608 1712 687 1771 atque
711 1705 847 1772 integritas
873 1721 889 1754 a
915 1703 1076 1770 quibusdam
1102 1701 1210 1771 praedi·

223 1783 346 1839 erretur,
372 1775 512 1839 subiecit,
528 1773 642 1825 exterius
666 1772 774 1839 quidem
786 1774 882 1823 album
901 1773 1001 1833 videri,
1024 1769 1069 1822 sed
1095 1773 1117 1820 si
1135 1771 1212 1840 peni-

222 1849 266 1892 tus
285 1843 502 1911 introspiciatur,
526 1850 613 1895 totum
633 1857 690 1891 esse
711 1857 904 1914 purpureum„
929 1840 1027 1892 Pressit
1051 1848 1141 1890 tamen
1164 1857 1209 1889 su·

221 1911 372 1978 spicionem
402 1909 494 1973 suam,
530 1926 616 1977 neque
648 1907 734 1958 ullum
757 1909 928 1960 .rnanilestius
954 1908 1097 1958 abalienati
1130 1907 1212 1957 animi

201 1978 352 2030 *indicium
373 1980 500 2048 praetulit
523 1977 574 2047 rr).
609 1975 756 2029 Credidere
773 1986 859 2029 tamen
879 1977 1011 2045 plerique,
1030 1976 1211 2043 Antipatrum,

223 2050 329 2098 evocari
356 2063 384 2098 se
411 2048 536 2115 supplicii
559 2061 639 2097 causa
662 2054 766 2109 ratum,
795 2046 883 2114 impiis
909 2043 1213 2095 machinationibus-re·

223 2116 283 2181 giae
298 2117 400 2176 mortis,
421 2132 489 2182 quae
507 2117 666 2182 paulopost
683 2122 775 2165 secuta
792 2123 840 2177 est,
859 2112 1155 2165 auctoremerstitisse.

291 2184 395 2235 interea
422 2183 463 2250 ra)
490 2191 578 2246 renus
600 2184 732 2233 imminuti
758 2183 898 2233 exercitus.
912 2182 1073 2232 detrimenta
1090 2181 1211 2243 sarciret,

224 2251 356 2318 optimum
379 2267 511 2318 quemque
536 2251 677 2301 Persarum
704 2252 730 2300 in
755 2250 946 2302 Macedonicos
972 2248 1211 2314 ordinesallegit:

165 2363 170 2379 ,
223 2318 300 2368 mille
320 2321 398 2369 etiam
422 2318 662 2384 praestantissimos
678 2320 835 2383 segregavit
855 2316 889 2367 ad
906 2319 1073 2387 propiorem
1089 2317 1130 2366 sui
1150 2333 1212 2367 cor·

224 2383 299 2452 po'ris
314 2383 487 2436 custodiam:
513 2386 590 2434 aliam
614 2384 936 2450 hastatorummanum,
975 2384 1043 2434 haud
1070 2385 1211 2454 pauciores

225 2451 321 2504 decem
338 2452 454 2515 milibus,
473 2453 545 2502 circa
564 2453 664 2518 regium
682 2453 883 2503 tabernaculum
910 2453 1035 2504 excubias
1062 2454 1212 2518 agereius·

224 2521 269 2570 sit.
304 2521 374 2572 llaec
401 2522 487 2586 agenti
513 2521 655 2572 Peucestes
679 2522 832 2588 supervenit
856 2538 929 2572 cum.
945 2522 1035 2588 viginti
1063 2521 1212 2586 sagittario-

224 2605 286 2639 rum
304 2589 522 2656 funditorumque
547 2587 679 2653 milibus,
697 2605 764 2656 quos
788 2605 821 2639 ex
843 2605 890 2638 sua
914 2590 1052 2657 provincia
1079 2587 1213 2654 coegerat.

224 2657 270 2707 llis
287 2673 336 2725 per
353 2659 499 2709 exercitum
517 2657 679 2722 distributis,
705 2657 842 2725 proiectus
868 2665 908 2708 est
935 2658 1016 2721 Susis,
1037 2666 1065 2707 et
1087 2657 1208 2722 Pasitigri

226 2740 303 2776 amne
321 2726 472 2777 transmisso
493 2725 564 2795 apud
583 2723 668 2777 Caras
687 2735 774 2777 castra
798 2735 912 2776 metatus
934 2735 989 2778 est:
1019 2725 1080 2776 inde
1106 2726 1207 2790 quatri·

226 2791 281 2843 duo
299 2809 348 2862 per
366 2795 520 2847 Sittacenen
539 2793 625 2845 ductis
653 2795 738 2862 copiis
764 2795 896 2844 Sambana
915 2793 1136 2860 processit,.uhi
1161 2795 1210 2859 pei

226 2869 329 2928 septem
347 2861 411 2912 *dies
446 2864 563 2929 quietum
594 2879 686 2927 agmen
706 2863 812 2913 tenuit.
856 2861 949 2912 Tridui
978 2860 1076 2912 deinde
1099 2859 1210 2910 :itinere

206 2953 212 2968 ι·
226 2944 335 2981 emenso
360 2931 474 2982 Celonas
504 2937 659 3000 perventum
688 2940 736 2981 est.
771 2930 909 2998 Oppidum
936 2930 989 2982 hoc
1015 2927 1211 2980 teuentlioeo·

236 3073 423 3090 *n—

290 3171 324 3238 8)
342 3175 475 3227 Plutarch.
494 3192 552 3244 cap.
575 3183 630 3234 ¹¹7·
820 3209 823 3216 -
883 3211 888 3215 -
976 3189 980 3200 “

292 3237 327 3306 9')
345 3243 674 3314 Plutarchrlpophthegg.
691 3263 750 3314 cap.
765 3245 808 3312 39.
825 3254 852 3297 et
870 3246 905 3296 de
922 3245 1030 3297 fortuna
1049 3247 1124 3297 Alea.
1137 3261 1162 3310 2,
1175 3251 1213 3302 17·

281 3310 327 3373 ιο)
346 3311 451 3364 Arrian.
470 3328 494 3378 7,
511 3329 536 3377 a,
555 3314 597 3363 33,
818 3343 820 3350 ι
921 3347 924 3352 -
962 3347 967 3352 .
1059 3335 1061 3340 ·
1106 3348 1108 3358 .

280 3377 486 3510 ιι)34ΜῐιτεεΠίη,
507 3384 545 3446 nl,
565 3381 606 3432 38.
632 3380 766 3433 Plutarch.
785 3380 971 3480 Apophthegg.
992 3397 1016 3432 c.
1039 3387 1081 3438 39.
1108 3381 1211 3462 Arrian.

214 3458 252 3592 ,7⁷
271 3460 324 3580 2ia)
341 3481 453 3564 iliodor.
476 3499 516 3575 ii,
538 3517 718 3586 110.,.Arrian.
737 3533 760 3583 7,
780 3520 820 3569 25.
841 3479 990 3568 Athenaeus
1012 3531 1050 3581 ra,
1068 3523 1093 3574 9.
