2686 3876
174 296 221 410 ‘at
557 335 593 404 Q.
614 309 734 392 curru
751 340 829 394 num

186 488 322 573 Utrique
341 476 478 568 imperio
497 493 556 547 tuo
577 483 738 566 finitimos,
759 487 868 552 hostes
886 487 932 554 {an
951 482 1076 555 'andros
1093 479 1187 555 ,vetti

53 627 56 636 ,
186 589 256 636 esse
278 565 461 632 considera,
828 616 832 624 ,
857 597 860 602 -
950 599 952 604 .

145 673 199 740 35-
228 652 318 711 Haec
336 645 503 708 barbarus.
539 645 657 708 Contra
677 667 736 707 rex
751 642 881 708 fortuna
901 647 957 709 sua
981 662 1015 711 et
1035 656 1111 712 con‘-
1173 701 1184 709 ,η

187 731 265 793 siliis
277 749 389 790 eorum
402 746 436 787 se
454 747 585 788 usurum
600 726 869 806 esse-respondet.
900 731 980 790 Nam
996 742 1029 792 et
1043 731 1110 794 lor·
1142 715 1188 756 '¹'

189 825 308 879 tunam,
331 807 384 869 cui
404 805 550 884 conlidat,
572 819 605 868 et
626 807 791 869 consilium
813 809 1085 886 suadentium„ne
1110 813 1201 896 quid,

148 905 169 959 a·
185 903 309 953 temere
339 901 373 950 et
402 887 552 948 audacter
585 887 697 963 iaciat,
730 899 925 950 secuturum.
973 887 1188 976 Dimissisque

77 988 83 1002 ³
185 970 321 1055 legatis,
350 970 382 1029 in
409 988 487 1048 prae
512 977 612 1028 aratas
632 981 716 1030 rates
739 970 916 1030 exercitum
944 970 1109 1054 imposuit.
1152 976 1189 1032 ln

184 1051 293 1134 proris
315 1051 469 1130 clipeatos
488 989 671 1124 iocaverat,
692 1047 794 1108 iussos
814 1049 847 1110 in
875 1071 977 1132 genua
1006 1053 1191 1129 subsidere,-

106 1169 109 1177 ι
150 1153 252 1216 squo
274 1131 411 1192 tutiores
431 1129 549 1189 'essent
578 1127 731 1187 adversus
760 1129 841 1188 ictus
870 1131 1065 1212 sagittarum.
1107 1137 1190 1196 Pos‘t

186 1213 246 1274 hos
272 1211 509 1296 qui-tormenta
529 1206 731 1268 intenderent
752 1208 890 1284 stabant,
922 1223 955 1271 et
981 1211 1020 1272 ab
1042 1225 1188 1298 utroquo

185 1289 298 1356 latere
316 1301 352 1352 et
381 1312 398 1349 a
425 1288 533 1348 l'ronte
566 1285 751 1354 circumdati
781 1289 918 1352 armatis.
960 1292 1102 1375 Reliqui,
1131 1293 1189 1377 qui

186 1386 261 1457 post
278 1381 437 1433 tormenta
461 1366 680 1444 constiterant,
702 1367 857 1450 remigem
883 1369 1015 1431 loricam
1039 1373 1186 1434 indutum

145 1475 163 1520 t
187 1451 351 1516 scutorum
371 1447 533 1510 testudine
555 1447 665 1507 armati
684 1449 908 1530 protegebant.
942 1451 1029 1512 ldem
1051 1454 1132 1516 ordo
1155 1448 1191 1522 iri·

185 1535 248 1596 illis
292 1550 398 1612 uoque
419 1527 557 1602 ratibus,
579 1547 661 1610 quae
683 1527 823 1612 equitem
844 1529 1017 1608 vehebant,
1038 1545 1187 1594 servatus

186 1626 246 1678 est.
320 1612 388 1672 aior
408 1629 486 1694 pars
508 1630 524 1668 a
545 1628 655 1689 puppe
675 1621 785 1668 nantes
807 1630 907 1692 equos
921 1609 1006 1672 loris
1027 1611 1187 1680 trahebat·

185 1697 231 1757 At
250 1694 333 1765 illos,
354 1711 434 1776 quos
455 1699 543 1749 utres
564 1700 737 1750 stramento
764 1690 881 1771 repleti
905 1689 1077 1768 vehebant,
1098 1693 1188 1762 ohim

147 1786 257 1850 5ctae
278 1786 365 1835 rates
392 1770 573 1832 tuebantur.
613 1769 685 1850 lpse
713 1789 772 1830 rex
800 1791 871 1831 eum
902 1770 1033 1833 delectis
1063 1773 1185 1854 primus
1273 1793 1279 1810 ·

186 1855 287 1918 ratem
309 1852 420 1924 solvit,
448 1862 481 1912 et
506 1849 539 1908 in
565 1849 667 1930 ripam
694 1850 789 1933 dirigi
817 1850 918 1916 iussit.
961 1852 1021 1914 Cui
1048 1853 1184 1932 Scythae

184 1935 331 1998 admotos
352 1933 480 1995 ordines
503 1929 646 2024 equitum
669 1929 701 1990 in
730 1933 835 2012 primo
856 1933 944 2012 ripae
966 1933 1108 2016 margine
1129 1955 1187 2014 op-

179 2027 317 2099 ponunt,
339 2015 434 2075 utne
455 2009 606 2092 applicarr
637 2009 765 2103 quidem
792 2023 901 2072 terrae
930 2023 1016 2075 retes
1044 2025 1185 2106 possent*
1287 2041 1289 2044 ·

145 2116 162 2166 t
186 2101 349 2170 Ceterum,
370 2103 501 2174 praeter.
524 2089 604 2148 hanc
624 2109 764 2170 spectem
780 2091 857 2170 ripis
869 2091 1078 2170 praesidentis
1094 2113 1186 2153 exor-

186 2178 285 2251 citus,
323 2175 433 2255 ingens
475 2169 659 2249 navigantes,
690 2179 799 2230 terror
835 2169 1029 2254 invaseram,
1048 2194 1184 2255 namque

185 2276 312 2318 cursum
335 2252 578 2334 gubernatores,
601 2267 674 2308 cunr
689 2247 821 2331 obliquo
837 2245 966 2310 llumine
983 2249 1185 2332 irnpelleren.

96 2395 99 2405 ,
182 2348 247 2408 tur,
266 2352 383 2415 regere
404 2353 468 2392 non
489 2339 648 2410 poterant,
673 2328 920 2409 vacillantesque
939 2329 1066 2408 milites,
1089 2343 1121 2392 et
1142 2355 1183 2393 ne

183 2423 416 2477 excuterentur
436 2409 573 2482 solliciti,
590 2419 755 2468 nautarum
771 2408 943 2472 ministeria
965 2411 1187 2476 turbaverant„

88 2541 92 2562 t
144 2513 159 2558 7
181 2499 230 2558 Ne
251 2496 316 2556 tela
337 2491 467 2576 quidem
482 2486 586 2549 conati
601 2487 671 2546 nisu
686 2488 812 2550 vibrare
830 2494 1184 2572 poterant,cump1·i01·

181 2574 285 2640 standi
305 2574 373 2636 sine
393 2568 550 2653 periculo,
575 2587 669 2652 quam
688 2566 814 2630 hostem
834 2569 1014 2630 incessendi
1035 2591 1113 2632 cura
1136 2592 1184 2634 ess

183 2741 377 2756 μ

253 2847 279 2920 t)
301 2850 376 2901 Frsh.
396 2868 447 2920 pro
466 2866 557 2901 eorum
583 2838 660 2902 dedit
686 2857 756 2900 auct.
782 2849 838 2905 Pal.
853 2866 890 2904 xv.
914 2851 993 2902 Voss.
1018 2857 1043 2906 2.
1068 2839 1190 2905 suorum*

183 2919 255 2990 quod
276 2922 355 2971 eliam
373 2921 489 2971 Theocr.
510 2918 597 2969 hahet.
616 2945 648 2957 -
666 2916 824 2988 profeciat
845 2918 902 2968 Pal.
922 2933 945 2972 1.
961 2919 1025 2987 fint-

251 2987 278 3055 3)
299 2989 353 3037 Pol.
377 3005 398 3038 ι.
419 2989 447 3042 Β.
468 3005 486 3039 ι.
507 2988 660 3036 nr·1nut1'.-
677 2988 715 3038 Fl.
740 2985 886 3056 [οἰῴΤὴ.
904 2985 964 3037 Ald.
980 2989 1080 3058 reliqui
1098 3003 1182 3058 post

182 3076 237 3108 eos
255 3056 473 3126 quitormentn,·
489 3056 565 3104 Voss.
585 3071 610 3105 α.
628 3065 695 3125 post
715 3073 762 3105 eos
785 3055 837 3125 qui
857 3065 922 3124 post
937 3066 1018 3106 torm.
1044 3087 1077 3098 -
1103 3059 1180 3115 Frsh.

181 3136 276 3179 contra
296 3131 364 3190 optt.
385 3124 473 3173 Codd.
490 3121 588 3176 lorica.

246 3192 274 3262 4)
292 3193 331 3242 Fl.
350 3191 425 3242 Laid.
448 3192 525 3241 Voss.
545 3197 568 3246 1.
588 3197 614 3246 2.
629 3221 663 3232 -
684 3188 1074 3250 odillos·ob1‘ectucrot;nl,
1093 3205 1182 3243 eruin.

179 3257 539 3378 ..prosti·pmeitt,p1,li‹13d.
560 3259 625 3326 qdd.
645 3269 799 3320 sarmento,
825 3257 859 3310 de
887 3273 940 3326 quo
965 3256 1026 3308 vide
1043 3259 1201 3310 Distenta-

177 3333 212 3384 ad
232 3325 647 3464 biiiuliishiaclhntra,Misitriarii,
667 3398 732 3447 item
751 3401 860 3461 postea,
880 3391 915 3442 cl.
928 3389 1180 3446 Drakenborchlom

75 3513 80 3519 .
179 3467 214 3520 ad
229 3468 325 3519 Silium
342 3467 402 3518 ital.
425 3465 459 3530 ll,
479 3463 534 3514 123.
554 3492 587 3506 -
606 3479 657 3531 pro
676 3455 833 3516 incessendi
849 3459 926 3512 Voss.
945 3473 969 3509 a.
988 3458 1145 3514 lacessendi.
