2688 3872
210 323 257 376 ras
322 301 332 312 “
469 353 474 359 -
570 319 604 386 Q.
623 317 742 373 cnarn
760 319 841 371 nuri

154 501 156 506 ·
206 478 424 548 quorum'nec
445 465 589 526 exaudiri
608 485 672 528 vox
691 465 964 532 atnmultantibus
986 477 1123 549 poterat,
1145 491 1205 532 nec

171 545 374 683 soimperium
412 568 428 604 a
455 546 574 606 territis
603 545 884 639 incompositisque
917 549 1050 640 serrari.
1113 553 1201 631 Ergo

206 645 244 686 co
260 625 314 684 lrdr
345 637 426 686 mter
452 634 487 684 s‘e
515 645 628 692 naves,
665 625 908 714 abstergerique
945 647 1081 692 invicem
1112 631 1203 705 remi,

206 716 239 764 et
266 705 317 764 alii
345 704 480 765 aliorum
507 705 631 786 navigia
661 724 779 786 urgere
809 719 998 786 coeperunt.
1045 709 1205 768 Crederes
1298 765 1303 777 ,

154 811 158 818 ¹
205 803 268 844 non
292 783 383 842 unius
405 784 564 844 exercitus
589 785 723 844 classem
746 782 827 858 vehi,
848 785 905 844 scd
931 786 1069 846 duorum
1094 789 1204 850 navale

171 862 296 924 ¹⁷inisse
319 875 490 926 certamen.
524 863 762 922 Incutiebantur
787 864 949 943 puppibus
973 887 1107 945 prorae;
1129 888 1202 948 pre·

192 943 370 1003 mebantur
387 965 404 1002 a
420 941 646 1025 sequentibus,
669 942 723 1024 qui
741 945 965 1010 antecedentes
980 943 1202 1025 turbaverant3

203 1022 396 1105 iurgantium
417 1023 463 1082 ira
484 1021 694 1102 perveniebat
716 1021 810 1082 etiam
832 1021 871 1082 ad
892 1043 1013 1085 manus.

164 1118 202 1180 ,36
283 1106 411 1186 Iamque
433 1112 537 1161 aestus
559 1113 645 1161 totos
668 1101 753 1161 circa
774 1097 895 1161 llumen
920 1123 1048 1183 campos
1072 1103 1201 1165 inunda·
1252 1117 1254 1122 '

203 1195 313 1257 verat,
342 1181 472 1241 tumulis
504 1179 667 1244 dumtaxat
698 1179 926 1248 eminentibus,
972 1183 1060 1242 velut
1090 1184 1202 1244 insulis

201 1263 306 1342 parvis
316 1283 325 1338 3
351 1261 381 1323 in
399 1280 480 1349 quos
495 1259 643 1348 plerique
661 1259 791 1344 trepidi,
808 1261 933 1328 omissis
949 1262 1091 1344 navigiis,
1106 1283 1201 1324 enare

169 1351 388 1422 inproperant.
428 1339 581 1418 Dispersa
612 1339 722 1398 classis
746 1339 861 1419 partim
887 1339 919 1399 in
951 1342 1092 1422 praealta
1121 1364 1203 1426 aqua

202 1420 314 1494 stabat,
340 1439 404 1502 qua
424 1417 634 1478 subsederant
664 1418 779 1494 valles3
801 1419 917 1499 partim
938 1419 969 1479 in
985 1421 1067 1485 rado
1088 1422 1201 1483 haere·

201 1499 272 1567 bat,
304 1510 467 1580 utcunque
495 1496 661 1579 inaequale
689 1507 798 1557 terrae
829 1498 992 1579 fastigium
1022 1520 1200 1583 occupave-

202 1590 273 1638 rant
293 1577 411 1642 undae:
433 1597 504 1637 cum
527 1576 633 1638 subito
662 1596 763 1642 novus
792 1588 826 1636 et
852 1578 986 1664 pristino
1015 1580 1116 1642 maior
1135 1593 1201 1640 ter·

164 1678 256 1722 aanor
278 1656 440 1720 incutitur.
483 1656 693 1743 Reciprocari
715 1656 823 1736 coepit
843 1677 940 1730 mare,
962 1679 1074 1740 magno
1095 1671 1200 1720 tractu

201 1738 291 1819 aquis
311 1737 344 1796 in
366 1757 458 1800 suurn
480 1735 601 1795 l'retum
624 1735 875 1803 recurrentibus,
897 1735 1055 1798 reddebat
1078 1759 1119 1798 ue
1134 1751 1201 1798 ter-

200 1837 250 1876 ras
271 1817 366 1898 paulo
388 1827 460 1878 ante
486 1814 648 1895 profundo
671 1816 736 1880 salo
758 1833 886 1877 mersas.
927 1817 1028 1896 Igitur
1049 1761 1200 1878 destituta

202 1897 327 1978 navigia
350 1896 415 1961 alia
444 1894 695 1987 praecipitentur
720 1893 750 1954 in
783 1914 914 1988 proras,
950 1896 1010 1954 alia
1040 1897 1070 1956 in
1099 1897 1200 1958 latera

201 1975 426 2057 procumbunt.
468 1972 563 2036 Strati
586 1985 675 2036 erant
697 1994 799 2054 campi
821 1975 962 2048 sarcinis,
984 1977 1091 2050 armis,
1112 1979 1199 2038 arul-

165 2072 307 2116 essarum
327 2054 506 2116 tabularum
537 2073 765 2136 remorumque
787 2052 982 2135 fragmentis.
1027 2056 1117 2116 Miles
1139 2076 1199 2117 nee

201 2135 314 2214 egredi
333 2137 365 2196 in
384 2145 514 2201 terram,
537 2135 641 2192 necin
656 2133 737 2192 nave
751 2133 924 2193 subsistere
944 2133 1091 2210 audebat,
1112 2135 1199 2196 iden·

199 2213 299 2272 tidem
328 2211 547 2292 praesentibus
576 2214 741 2291 graviora,
771 2233 853 2293 quae
881 2227 1113 2294 sequerentur,
1144 2235 1200 2275 ex-

200 2305 363 2370 spectans„
397 2291 458 2357 Vix
482 2310 564 2370 quae
586 2291 850 2372 perpetiebantur
878 2293 988 2360 videre
1018 2295 1103 2376 ipsos
1130 2314 1199 2356 ere·

162 2371 335 2445 ardebant,
357 2369 387 2428 in
409 2368 495 2428 sicco
519 2371 699 2451 naufragia,
728 2371 759 2437 in
788 2372 870 2430 amni
891 2392 990 2437 mare.
1035 2376 1101 2434 Nec
1129 2372 1198 2434 finis

199 2452 364 2528 malorum.
390 2446 520 2585 Quippe
542 2457 665 2508 aestum
690 2451 785 2530 paulo
807 2463 988 2530 pastinare
1009 2453 1197 2528 relaturum,

188 2551 265 2614 quo
286 2527 408 2609 navigia
430 2527 457 2585 al
473 2538 655 2604 eversatur,
676 2530 787 2612 ignari,
811 2528 929 2591 famem
946 2543 978 2591 et
993 2531 1100 2591 ultima
1122 2533 1198 2592 sibi-

199 2622 265 2670 met
288 2606 518 2669 eminebantur.
552 2609 675 2670 Beluae
697 2629 830 2694 quoque
852 2607 1002 2679 {luctibus
1023 2611 1196 2672 destitutae
1252 2613 1256 2618 “

199 2687 360 2750 terribiles
385 2685 593 2769 vagabantur.

303 2835 305 2842 t

214 2855 390 2868 *au—

233 2983 291 3101 816)
311 2981 389 3032 Voss.
408 2999 432 3033 a.
456 2984 513 3040 Pal.
545 3003 571 3037 tr
595 2984 709 3036 Theocr.
738 2983 932 3056 abstergr'qrtflr
964 2988 999 3038 cl.
1030 2988 1151 3040 Ruddim.
1174 2992 1195 3054 1,

198 3058 213 3106 2
252 3067 336 3099 ΛΜ.

108 3119 112 3130 ‘
217 3069 230 3121 7
252 3120 296 3172 18)
315 3132 366 3184 pro
384 3133 537 3185 properant
554 3118 734 3170 Frsh.contra
753 3119 927 3185 oplt.·Godd.
946 3111 1195 3194 eoeperuntsqmnl

190 3193 249 3238 'iam
270 3184 382 3236 Medius
403 3185 588 3246 damnaverat;
607 3185 724 3236 Theocr.
743 3187 945 3254 propa-ubam.
1153 3198 1157 3206 ¹

250 3255 292 3317 19)
314 3259 381 3316 optt.
407 3253 494 3305 Codd.
514 3252 678 3303 deserebant.

247 3328 292 3383 uo)
313 3317 390 3367 Frsln
425 3323 519 3372 contra
552 3321 673 3373 meliorr.
700 3319 795 3388 ,coda
830 3321 1097 3391 reciprocat-effici.
1138 3325 1195 3376 Lir.

196 3389 321 3450 xxvttl,
340 3391 383 3449 30,
402 3391 427 3441 o.

1336 3349 1342 3412 l
