2688 3872
206 355 251 424 nn
566 357 597 422 o.
617 357 733 406 eunrn
755 335 834 408 nun

167 505 276 570 retecti
297 501 561 590 prospectabant,
590 506 677 586 quasi
706 505 841 567 certiora
871 505 980 570 visuri.
1020 507 1087 566 Nec
1109 505 1194 586 quis·

202 609 295 672 quam
317 585 433 647 lumina
459 583 595 644 audebat
622 586 811 649 accendere.
853 589 895 646 Et
949 587 996 645 uia
1028 587 1194 646 oculorum

202 669 344 732 cessabat
371 684 464 738 usus,
501 661 645 724 fremitus
672 685 833 748 vocesque
861 609 988 746 auribus
1019 666 1194 748 captabant,

202 772 237 810 ac
258 749 451 829 plerumque
474 763 553 803 vano
575 757 660 804 metu
682 746 785 806 territi
805 768 863 828 per
881 747 1032 820 obscuras
1054 749 1194 818 semitas,

202 829 278 888 alius
304 825 356 888 alii
379 836 592 897 occursantes
615 824 750 886 invicem
771 827 911 907 suspecti
940 847 975 886 ac
996 827 1124 887 solliciti
1145 826 1192 890 fer
1255 897 1257 902 ,

167 908 360 970 luebantur.
402 905 533 976 Persae,
554 905 650 964 cornis
671 926 729 966 suo
751 928 841 966 morc
864 906 1021 984 detonsis,
1044 907 1075 966 in
1101 907 1194 990 lugu·

201 991 251 1048 bri
274 999 370 1054 veste,
392 1003 465 1043 cum
487 983 673 1064 coniugibus
695 1007 730 1046 ac
751 986 871 1056 liberis,
896 1007 956 1048 non
978 999 1014 1046 ut
1035 984 1191 1049 victorem

202 1083 232 1132 ct
258 1068 353 1128 modo
376 1065 511 1136 hostem,
531 1065 587 1124 sed
613 1076 649 1124 ut
674 1066 775 1147 gentis
810 1087 884 1126 suae
912 1067 1114 1126 iustissimum
1142 1089 1194 1128 re-

201 1171 273 1232 gem
294 1167 373 1208 vero
395 1142 553 1204 desiderio
569 1143 728 1225 lugebant.
750 1147 878 1212 Assueti
897 1147 955 1208 sub
977 1167 1053 1228 rege
1075 1149 1195 1223 vivere,

201 1253 263 1290 non
286 1230 391 1309 alium,
416 1223 472 1308 qui
492 1224 665 1304 imperaret
684 1226 781 1308 ipsis,
803 1227 979 1308 digniorem
1000 1227 1097 1289 fuisse
1112 1249 1192 1297 con·

201 1305 381 1370 litdbantur.
417 1369 419 1372 ,
621 1339 622 1342 =

163 1408 198 1467 17
277 1392 344 1448 Nec
370 1384 468 1444 muris
489 1383 578 1444 urbis
602 1385 705 1444 luctus
732 1385 975 1458 continebatur,
1007 1385 1063 1462 sed
1083 1386 1187 1468 proxi·

200 1467 466 1547 mamregionem
490 1463 528 1523 ab
550 1485 602 1536 ea,
630 1464 746 1524 deinde
776 1487 918 1547 magnam
946 1480 1070 1548 partem
1099 1467 1192 1527 Asiae

167 1552 244 1615 sacis
265 1547 468 1628 Euphraten,
491 1545 569 1604 tauri
589 1544 664 1604 mali
690 1545 775 1604 l'ama
795 1559 990 1628 pervaserat.
1032 1547 1083 1606 Ad
1104 1548 1192 1607 Darii

200 1649 330 1711 quoque
357 1635 490 1685 matrem
518 1624 668 1685 celeriter
697 1627 818 1706 perlata
846 1639 903 1688 est.
952 1627 1083 1688 Abscisa
1112 1648 1191 1707 ergo
1248 1657 1250 1661 ·

202 1721 299 1783 veste,
321 1705 510 1791 quainduta
534 1717 619 1780 erat,
641 1705 811 1787 lugubrem
831 1708 960 1784 sumsit,
980 1705 1192 1790 laceratisque

165 1786 445 1861 20crinibns'humi
471 1805 589 1866 corpus
610 1784 735 1849 abiecit.
777 1787 946 1848 Assidebat
971 1788 1000 1848 ei
1016 1789 1125 1848 ,altera
1154 1809 1192 1848 ex

167 1913 169 1920 .
199 1869 366 1950 neptibus,
387 1886 490 1948 nuper
517 1867 663 1924 amissum
691 1867 977 1947 Hephaestionem,
1005 1869 1056 1928 cui
1080 1889 1193 1948 nupse-

200 1963 266 2022 rat,
293 1951 423 2030 lugens,
451 1947 663 2085 propriasque
696 1967 805 2008 causas
833 1948 954 2026 doloris
982 1947 1013 2007 in
1035 1969 1193 2018 commum

163 2031 353 2098 muraestitia
373 2038 509 2088 retracta
535 2039 572 2086 at.
617 2025 683 2086 Sed
710 2029 848 2089 omnium
877 2025 1008 2090 suorum
1037 2029 1118 2087 mala
1146 2026 1193 2090 Si.-

199 2111 354 2190 sygambis
376 2130 437 2168 una
459 2107 614 2188 capiebat.
656 2107 711 2168 llla
733 2131 832 2185 suam,
852 2109 904 2168 illa
926 2109 1067 2190 neptium
1088 2107 1189 2168 vicem

198 2188 307 2254 llebat.
348 2191 473 2248 Recens
508 2187 603 2252 dolor
632 2187 726 2248 etiam
760 2189 932 2270 praeterita
964 2199 1188 2250 revocaverat.

200 2269 359 2329 Crederes
380 2268 475 2326 modo
497 2267 645 2335 amissum
675 2269 828 2336 Darium,
859 2281 891 2328 et
911 2269 1031 2350 pariter
1058 2269 1190 2328 miserae
1215 2332 1218 2335 ,

199 2349 333 2410 duorum
356 2343 495 2406 liliorum
516 2346 681 2426 exsequias
713 2367 782 2409 esse
811 2349 978 2408 ducendas.
1021 2349 1132 2410 Flebat
1153 2348 1192 2408 si-

163 2429 264 2500 22rrrul
284 2437 429 2487 mortuos
454 2425 619 2506 vivosque.
669 2425 774 2508 Quem
796 2429 878 2487 enim
902 2429 1080 2511 puellarum
1107 2441 1192 2508 actu·
1278 2455 1280 2458 ⁴

147 2517 151 2528 ⁴
201 2531 270 2571 runt
293 2529 364 2570 esse
389 2503 532 2569 stiram?
553 2524 650 2588 quem
671 2507 765 2566 alium
787 2507 931 2567 futurum
954 2508 1191 2570 Alexandrum?

198 2592 315 2655 iterum
337 2607 406 2649 esse
435 2606 469 2646 se
498 2597 614 2668 captas,
639 2585 755 2646 iterum
787 2588 940 2650 excidisse
970 2609 1081 2670 regno.
1123 2588 1187 2670 Qui
1237 2615 1239 2628 =

199 2683 327 2734 mortuo
349 2667 448 2730 Dario
469 2667 552 2746 ipsas
572 2677 727 2743 tueretur,
749 2669 925 2751 reperisse,
952 2670 1007 2750 qni
1024 2683 1097 2754 post
1117 2670 1191 2729 Ale·

163 2751 353 2826 23uandrum
374 2747 562 2832 respiceret,
594 2748 703 2838 utique
731 2770 792 2814 non
818 2761 1014 2836 reperturas.
1057 2748 1191 2811 Subibat

201 2936 399 2948 --n-u--a-——a

236 3044 293 3111 ,17)
313 3062 350 3095 rr.
370 3045 451 3093 comis
470 3059 518 3092 stro
538 3060 612 3093 inore
631 3054 690 3094 sunt
713 3045 746 3096 de
771 3047 840 3094 coni.
865 3048 987 3108 palmeri,
1014 3044 1099 3098 Codd.
1119 3061 1188 3094 cont·

198 3112 279 3160 mr'sso
295 3130 376 3160 inore.
396 3141 424 3149 -
447 3127 570 3182 praepos.
597 3132 654 3162 111111
672 3123 732 3163 ante
752 3116 856 3170 corrinr
885 3115 974 3164 addita
993 3125 1030 3164 est
1057 3114 1089 3165 de
1107 3116 1188 3174 coni.;

199 3182 224 3228 in
244 3183 318 3231 libris
336 3182 395 3229 Mas.
415 3183 483 3230 inter
503 3178 581 3228 modo
601 3191 625 3232 cl
644 3181 745 3232 bostem
765 3185 888 3232 inseritur
906 3187 1001 3234 rocula
1021 3195 1060 3234 111.
1139 3217 1141 3220 -

253 3251 293 3316 19)
312 3249 386 3298 Frsh.
406 3247 540 3296 (1111111111.
563 3274 589 3282 -
612 3252 638 3299 8.
660 3267 681 3298 1.
699 3269 716 3318 q
726 3269 796 3300 1111111
815 3249 921 3305 1111111111.

249 3323 296 3378 20)
317 3318 377 3365 libri
402 3317 463 3365 Mss.
481 3317 678 3366 retractabant.

250 3388 298 3438 all
315 3384 389 3433 Frsb.
410 3393 506 3448 lrnnsp.
528 3397 653 3434 nrm-snos
671 3386 757 3435 simol.

249 3453 292 3520 aa)
313 3451 380 3502 idem
400 3452 557 3500 omitt-esse
575 3464 635 3504 ante
655 3473 681 3502 sc
701 3466 801 3522 captos.
831 3505 832 3508 ,
