<?xml version="1.0" encoding="UTF-8"?>
<!DOCTYPE html PUBLIC "-//W3C//DTD XHTML 1.0 Transitional//EN"
    "http://www.w3.org/TR/xhtml1/DTD/xhtml1-transitional.dtd">
<html xmlns="http://www.w3.org/1999/xhtml" xml:lang="en" lang="en">
 <head>
  <title>
</title>
<meta http-equiv="Content-Type" content="text/html;charset=utf-8" />
  <meta name='ocr-system' content='tesseract 3.04.00' />
  <meta name='ocr-capabilities' content='ocr_page ocr_carea ocr_par ocr_line ocrx_word'/>
</head>
<body>
  <div class='ocr_page' id='page_1' title='image "./degestisalexand00baumgoog_0094.png"; bbox 0 0 2686 3876; ppageno 0'>
   <div class='ocr_carea' id='block_1_1' title="bbox 189 323 923 436">
    <p class='ocr_par' dir='ltr' id='par_1_1' title="bbox 189 323 923 436">
     <span class='ocr_line' id='line_1_1' title="bbox 189 323 923 436; baseline 0.001 -16"><span class='ocrx_word' id='word_1_1' title='bbox 189 357 245 429; x_wconf 73' lang='lat' dir='ltr'><strong>ar·</strong></span> <span class='ocrx_word' id='word_1_2' title='bbox 275 365 276 368; x_wconf 65' lang='lat'>‘</span> <span class='ocrx_word' id='word_1_3' title='bbox 488 366 490 372; x_wconf 83' lang='lat'><em>·</em></span> <span class='ocrx_word' id='word_1_4' title='bbox 557 323 593 436; x_wconf 51' lang='lat' dir='ltr'><strong>Qss</strong></span> <span class='ocrx_word' id='word_1_5' title='bbox 617 364 834 423; x_wconf 78' lang='lat' dir='ltr'><strong>cuarrrnurt</strong></span> <span class='ocrx_word' id='word_1_6' title='bbox 919 377 923 407; x_wconf 70' lang='lat'><em>³</em></span> 
     </span>
    </p>
   </div>
   <div class='ocr_carea' id='block_1_2' title="bbox 94 505 1214 2421">
    <p class='ocr_par' dir='ltr' id='par_1_2' title="bbox 94 505 1214 2421">
     <span class='ocr_line' id='line_1_2' title="bbox 156 505 1190 600; baseline -0.004 -23"><span class='ocrx_word' id='word_1_7' title='bbox 156 520 249 582; x_wconf 62' lang='lat' dir='ltr'><strong>sorim</strong></span> <span class='ocrx_word' id='word_1_8' title='bbox 274 517 393 600; x_wconf 81' lang='lat' dir='ltr'><strong>·Atqul</strong></span> <span class='ocrx_word' id='word_1_9' title='bbox 413 515 492 575; x_wconf 88' lang='lat' dir='ltr'><strong>nihil</strong></span> <span class='ocrx_word' id='word_1_10' title='bbox 514 534 587 576; x_wconf 88' lang='lat' dir='ltr'><strong>eum</strong></span> <span class='ocrx_word' id='word_1_11' title='bbox 609 513 724 574; x_wconf 82' lang='lat' dir='ltr'><strong>lesisse</strong></span> <span class='ocrx_word' id='word_1_12' title='bbox 747 514 916 578; x_wconf 82' lang='lat' dir='ltr'><strong>contendo.</strong></span> <span class='ocrx_word' id='word_1_13' title='bbox 958 507 1114 586; x_wconf 76' lang='lat' dir='ltr'><strong>Seuthis,</strong></span> <span class='ocrx_word' id='word_1_14' title='bbox 1132 505 1190 595; x_wconf 81' lang='lat' dir='ltr'><strong>¹qui</strong></span> 
     </span>
     <span class='ocr_line' id='line_1_3' title="bbox 194 593 1192 676; baseline -0.007 -17"><span class='ocrx_word' id='word_1_15' title='bbox 194 611 320 659; x_wconf 87' lang='lat' dir='ltr'><strong>meeum</strong></span> <span class='ocrx_word' id='word_1_16' title='bbox 341 616 411 656; x_wconf 87' lang='lat' dir='ltr'><strong>rem</strong></span> <span class='ocrx_word' id='word_1_17' title='bbox 420 595 671 676; x_wconf 82' lang='lat' dir='ltr'><strong>pulcherrimam</strong></span> <span class='ocrx_word' id='word_1_18' title='bbox 686 593 926 672; x_wconf 76' lang='lat' dir='ltr'><strong>cogitaverunt-t</strong></span> <span class='ocrx_word' id='word_1_19' title='bbox 947 612 1041 653; x_wconf 90' lang='lat' dir='ltr'><strong>nemo</strong></span> <span class='ocrx_word' id='word_1_20' title='bbox 1058 605 1117 665; x_wconf 88' lang='lat' dir='ltr'><strong>cst,</strong></span> <span class='ocrx_word' id='word_1_21' title='bbox 1136 593 1192 674; x_wconf 83' lang='lat' dir='ltr'><strong>qui</strong></span> 
     </span>
     <span class='ocr_line' id='line_1_4' title="bbox 197 672 1191 752; baseline -0.006 -13"><span class='ocrx_word' id='word_1_22' title='bbox 197 677 358 752; x_wconf 83' lang='lat' dir='ltr'><strong>conscium</strong></span> <span class='ocrx_word' id='word_1_23' title='bbox 379 673 479 735; x_wconf 78' lang='lat' dir='ltr'><strong>fuisse</strong></span> <span class='ocrx_word' id='word_1_24' title='bbox 502 674 593 734; x_wconf 89' lang='lat' dir='ltr'><strong>nobis</strong></span> <span class='ocrx_word' id='word_1_25' title='bbox 616 672 962 744; x_wconf 67' lang='lat' dir='ltr'><strong>Callisthenemdioat,</strong></span> <span class='ocrx_word' id='word_1_26' title='bbox 995 692 1066 732; x_wconf 89' lang='lat' dir='ltr'><strong>cum</strong></span> <span class='ocrx_word' id='word_1_27' title='bbox 1094 673 1191 734; x_wconf 84' lang='lat' dir='ltr'><strong>morti</strong></span> 
     </span>
     <span class='ocr_line' id='line_1_5' title="bbox 198 747 1191 834; baseline -0.006 -16"><span class='ocrx_word' id='word_1_28' title='bbox 198 758 274 820; x_wconf 85' lang='lat' dir='ltr'><strong>olim</strong></span> <span class='ocrx_word' id='word_1_29' title='bbox 296 754 535 815; x_wconf 80' lang='lat' dir='ltr'><strong>destinatus-sit</strong></span> <span class='ocrx_word' id='word_1_30' title='bbox 556 776 572 812; x_wconf 89' lang='lat' dir='ltr'><strong>a</strong></span> <span class='ocrx_word' id='word_1_31' title='bbox 593 753 763 813; x_wconf 85' lang='lat' dir='ltr'><strong>iustissimo</strong></span> <span class='ocrx_word' id='word_1_32' title='bbox 792 765 825 812; x_wconf 86' lang='lat' dir='ltr'><strong>ct</strong></span> <span class='ocrx_word' id='word_1_33' title='bbox 852 747 1081 832; x_wconf 71' lang='lat' dir='ltr'><strong>patientisbimu</strong></span> <span class='ocrx_word' id='word_1_34' title='bbox 1102 773 1191 834; x_wconf 79' lang='lat' dir='ltr'><strong>rege.</strong></span> 
     </span>
     <span class='ocr_line' id='line_1_6' title="bbox 149 832 1193 916; baseline -0.006 -19"><span class='ocrx_word' id='word_1_35' title='bbox 149 839 282 897; x_wconf 64' lang='lat' dir='ltr'><strong>afflasse</strong></span> <span class='ocrx_word' id='word_1_36' title='bbox 304 855 382 916; x_wconf 83' lang='lat' dir='ltr'><strong>ergo</strong></span> <span class='ocrx_word' id='word_1_37' title='bbox 404 846 476 894; x_wconf 86' lang='lat' dir='ltr'><strong>sunt</strong></span> <span class='ocrx_word' id='word_1_38' title='bbox 501 832 710 893; x_wconf 74' lang='lat' dir='ltr'>Macedonum</span> <span class='ocrx_word' id='word_1_39' title='bbox 730 833 888 914; x_wconf 79' lang='lat' dir='ltr'><strong>praemia,</strong></span> <span class='ocrx_word' id='word_1_40' title='bbox 922 852 1058 914; x_wconf 87' lang='lat' dir='ltr'><strong>quorum</strong></span> <span class='ocrx_word' id='word_1_41' title='bbox 1078 843 1193 891; x_wconf 81' lang='lat' dir='ltr'><strong>utsu-</strong></span> 
     </span>
     <span class='ocr_line' id='line_1_7' title="bbox 193 911 1193 996; baseline -0.007 -21"><span class='ocrx_word' id='word_1_42' title='bbox 193 934 357 996; x_wconf 81' lang='lat' dir='ltr'><strong>pervscno</strong></span> <span class='ocrx_word' id='word_1_43' title='bbox 379 925 411 974; x_wconf 87' lang='lat' dir='ltr'><strong>et</strong></span> <span class='ocrx_word' id='word_1_44' title='bbox 432 913 563 975; x_wconf 83' lang='lat' dir='ltr'><strong>sordido</strong></span> <span class='ocrx_word' id='word_1_45' title='bbox 582 912 730 971; x_wconf 80' lang='lat' dir='ltr'><strong>&#39;abuteris</strong></span> <span class='ocrx_word' id='word_1_46' title='bbox 757 911 923 992; x_wconf 80' lang='lat' dir='ltr'><strong>sauguine!</strong></span> <span class='ocrx_word' id='word_1_47' title='bbox 960 913 1002 971; x_wconf 85' lang='lat' dir='ltr'><strong>At</strong></span> <span class='ocrx_word' id='word_1_48' title='bbox 1022 911 1080 971; x_wconf 88' lang='lat' dir='ltr'><strong>tibi</strong></span> <span class='ocrx_word' id='word_1_49' title='bbox 1101 912 1193 969; x_wconf 89' lang='lat' dir='ltr'><strong>XXX</strong></span> 
     </span>
     <span class='ocr_line' id='line_1_8' title="bbox 194 990 1193 1072; baseline -0.004 -18"><span class='ocrx_word' id='word_1_50' title='bbox 194 995 279 1054; x_wconf 89' lang='lat' dir='ltr'><strong>milia</strong></span> <span class='ocrx_word' id='word_1_51' title='bbox 301 994 461 1054; x_wconf 82' lang='lat' dir='ltr'><strong>mulorum</strong></span> <span class='ocrx_word' id='word_1_52' title='bbox 486 993 648 1072; x_wconf 83' lang='lat' dir='ltr'><strong>captivum</strong></span> <span class='ocrx_word' id='word_1_53' title='bbox 676 1013 788 1051; x_wconf 87' lang='lat' dir='ltr'><strong>aurum</strong></span> <span class='ocrx_word' id='word_1_54' title='bbox 808 990 946 1065; x_wconf 83' lang='lat' dir='ltr'><strong>vehunt,</strong></span> <span class='ocrx_word' id='word_1_55' title='bbox 976 1011 1048 1052; x_wconf 86' lang='lat' dir='ltr'><strong>cum</strong></span> <span class='ocrx_word' id='word_1_56' title='bbox 1076 991 1193 1050; x_wconf 80' lang='lat' dir='ltr'><strong>milites</strong></span> 
     </span>
     <span class='ocr_line' id='line_1_9' title="bbox 195 1070 1194 1152; baseline -0.003 -19"><span class='ocrx_word' id='word_1_57' title='bbox 195 1073 270 1134; x_wconf 86' lang='lat' dir='ltr'><strong>nihil</strong></span> <span class='ocrx_word' id='word_1_58' title='bbox 296 1072 437 1134; x_wconf 65' lang='lat' dir='ltr'><strong>domum</strong></span> <span class='ocrx_word' id='word_1_59' title='bbox 477 1081 609 1152; x_wconf 86' lang='lat' dir='ltr'><strong>praeter</strong></span> <span class='ocrx_word' id='word_1_60' title='bbox 654 1073 806 1151; x_wconf 82' lang='lat' dir='ltr'><strong>gratuitas</strong></span> <span class='ocrx_word' id='word_1_61' title='bbox 850 1071 1014 1130; x_wconf 79' lang='lat' dir='ltr'><strong>cicatrices</strong></span> <span class='ocrx_word' id='word_1_62' title='bbox 1060 1070 1194 1130; x_wconf 83' lang='lat' dir='ltr'><strong>relaturi</strong></span> 
     </span>
     <span class='ocr_line' id='line_1_10' title="bbox 196 1151 1194 1242; baseline -0.003 -29"><span class='ocrx_word' id='word_1_63' title='bbox 196 1153 258 1214; x_wconf 88' lang='lat' dir='ltr'><strong>sint</strong></span> <span class='ocrx_word' id='word_1_64' title='bbox 309 1153 401 1242; x_wconf 78' lang='lat' dir='ltr'><strong>Quae</strong></span> <span class='ocrx_word' id='word_1_65' title='bbox 422 1164 527 1212; x_wconf 87' lang='lat' dir='ltr'><strong>tamen</strong></span> <span class='ocrx_word' id='word_1_66' title='bbox 550 1151 653 1212; x_wconf 87' lang='lat' dir='ltr'><strong>omnia</strong></span> <span class='ocrx_word' id='word_1_67' title='bbox 670 1151 814 1212; x_wconf 51' lang='lat' dir='ltr'><strong>*tolerare</strong></span> <span class='ocrx_word' id='word_1_68' title='bbox 832 1151 1004 1231; x_wconf 74' lang='lat' dir='ltr'><strong>potuimus,</strong></span> <span class='ocrx_word' id='word_1_69' title='bbox 1025 1162 1096 1210; x_wconf 87' lang='lat' dir='ltr'><strong>ante</strong></span> <span class='ocrx_word' id='word_1_70' title='bbox 1120 1169 1194 1210; x_wconf 77' lang='lat' dir='ltr'><strong>taam</strong></span> 
     </span>
     <span class='ocr_line' id='line_1_11' title="bbox 196 1173 1195 1293; baseline -0.006 0"><span class='ocrx_word' id='word_1_71' title='bbox 196 1254 254 1293; x_wconf 82' lang='lat' dir='ltr'><strong>nes</strong></span> <span class='ocrx_word' id='word_1_72' title='bbox 277 1231 423 1292; x_wconf 89' lang='lat' dir='ltr'><strong>barbaris</strong></span> <span class='ocrx_word' id='word_1_73' title='bbox 450 1230 596 1290; x_wconf 80' lang='lat' dir='ltr'><strong>dederes·</strong></span> <span class='ocrx_word' id='word_1_74' title='bbox 616 1241 649 1290; x_wconf 91' lang='lat' dir='ltr'><strong>et</strong></span> <span class='ocrx_word' id='word_1_75' title='bbox 676 1251 761 1291; x_wconf 89' lang='lat' dir='ltr'><strong>novo</strong></span> <span class='ocrx_word' id='word_1_76' title='bbox 794 1249 885 1289; x_wconf 88' lang='lat' dir='ltr'><strong>more</strong></span> <span class='ocrx_word' id='word_1_77' title='bbox 907 1229 1048 1290; x_wconf 81' lang='lat' dir='ltr'><strong>viatores</strong></span> <span class='ocrx_word' id='word_1_78' title='bbox 1069 1173 1127 1288; x_wconf 74' lang='lat' dir='ltr'><strong>sub</strong></span> <span class='ocrx_word' id='word_1_79' title='bbox 1148 1229 1195 1288; x_wconf 89' lang='lat' dir='ltr'><strong>iu·</strong></span> 
     </span>
     <span class='ocr_line' id='line_1_12' title="bbox 164 1307 1196 1394; baseline -0.002 -23"><span class='ocrx_word' id='word_1_80' title='bbox 164 1324 269 1394; x_wconf 71' lang='lat' dir='ltr'><strong>wgum</strong></span> <span class='ocrx_word' id='word_1_81' title='bbox 288 1311 444 1374; x_wconf 81' lang='lat' dir='ltr'><strong>mitteres.</strong></span> <span class='ocrx_word' id='word_1_82' title='bbox 484 1309 655 1369; x_wconf 80' lang='lat' dir='ltr'><strong>Persarum</strong></span> <span class='ocrx_word' id='word_1_83' title='bbox 679 1320 710 1369; x_wconf 90' lang='lat' dir='ltr'><strong>te</strong></span> <span class='ocrx_word' id='word_1_84' title='bbox 732 1309 828 1371; x_wconf 87' lang='lat' dir='ltr'><strong>vestis</strong></span> <span class='ocrx_word' id='word_1_85' title='bbox 850 1320 882 1368; x_wconf 90' lang='lat' dir='ltr'><strong>et</strong></span> <span class='ocrx_word' id='word_1_86' title='bbox 904 1307 1068 1390; x_wconf 81' lang='lat' dir='ltr'><strong>disciplina</strong></span> <span class='ocrx_word' id='word_1_87' title='bbox 1089 1309 1196 1370; x_wconf 82' lang='lat' dir='ltr'><strong>delec-</strong></span> 
     </span>
     <span class='ocr_line' id='line_1_13' title="bbox 198 1390 1196 1470; baseline -0.001 -19"><span class='ocrx_word' id='word_1_88' title='bbox 198 1403 253 1466; x_wconf 82' lang='lat' dir='ltr'><strong>tat,</strong></span> <span class='ocrx_word' id='word_1_89' title='bbox 275 1390 396 1470; x_wconf 67' lang='lat' dir='ltr'><strong>patriis</strong></span> <span class='ocrx_word' id='word_1_90' title='bbox 423 1408 530 1450; x_wconf 86' lang='lat' dir='ltr'><strong>mores</strong></span> <span class='ocrx_word' id='word_1_91' title='bbox 557 1409 673 1450; x_wconf 87' lang='lat' dir='ltr'><strong>exosus</strong></span> <span class='ocrx_word' id='word_1_92' title='bbox 701 1409 745 1453; x_wconf 87' lang='lat' dir='ltr'><strong>es.</strong></span> <span class='ocrx_word' id='word_1_93' title='bbox 792 1390 964 1447; x_wconf 80' lang='lat' dir='ltr'><strong>Persarum</strong></span> <span class='ocrx_word' id='word_1_94' title='bbox 993 1409 1090 1470; x_wconf 78' lang='lat' dir='ltr'><strong>ergo,</strong></span> <span class='ocrx_word' id='word_1_95' title='bbox 1115 1409 1196 1450; x_wconf 89' lang='lat' dir='ltr'><strong>-non</strong></span> 
     </span>
     <span class='ocr_line' id='line_1_14' title="bbox 196 1468 1196 1549; baseline -0.002 -19"><span class='ocrx_word' id='word_1_96' title='bbox 196 1471 417 1540; x_wconf 57' lang='lat' dir='ltr'><strong>Macedonum,</strong></span> <span class='ocrx_word' id='word_1_97' title='bbox 437 1487 549 1549; x_wconf 83' lang='lat' dir='ltr'><strong>regem</strong></span> <span class='ocrx_word' id='word_1_98' title='bbox 573 1469 723 1530; x_wconf 88' lang='lat' dir='ltr'><strong>occidere</strong></span> <span class='ocrx_word' id='word_1_99' title='bbox 744 1468 918 1541; x_wconf 84' lang='lat' dir='ltr'><strong>voluimus,</strong></span> <span class='ocrx_word' id='word_1_100' title='bbox 949 1481 983 1528; x_wconf 87' lang='lat' dir='ltr'><strong>et</strong></span> <span class='ocrx_word' id='word_1_101' title='bbox 1002 1481 1035 1529; x_wconf 87' lang='lat' dir='ltr'><strong>te</strong></span> <span class='ocrx_word' id='word_1_102' title='bbox 1050 1468 1196 1530; x_wconf 79' lang='lat' dir='ltr'><strong>transfu-</strong></span> 
     </span>
     <span class='ocr_line' id='line_1_15' title="bbox 165 1548 1196 1630; baseline 0.001 -22"><span class='ocrx_word' id='word_1_103' title='bbox 165 1561 271 1630; x_wconf 75' lang='lat' dir='ltr'><strong>1³gam</strong></span> <span class='ocrx_word' id='word_1_104' title='bbox 292 1548 370 1614; x_wconf 83' lang='lat' dir='ltr'><strong>belli</strong></span> <span class='ocrx_word' id='word_1_105' title='bbox 392 1549 464 1606; x_wconf 88' lang='lat' dir='ltr'><strong>iure</strong></span> <span class='ocrx_word' id='word_1_106' title='bbox 494 1548 726 1629; x_wconf 77' lang='lat' dir='ltr'><strong>persequimur.</strong></span> <span class='ocrx_word' id='word_1_107' title='bbox 770 1551 820 1607; x_wconf 86' lang='lat' dir='ltr'><strong>&#39;l&#39;u</strong></span> <span class='ocrx_word' id='word_1_108' title='bbox 845 1548 1034 1608; x_wconf 83' lang='lat' dir='ltr'><strong>Macedonas</strong></span> <span class='ocrx_word' id='word_1_109' title='bbox 1068 1549 1196 1611; x_wconf 86' lang='lat' dir='ltr'><strong>voluisti</strong></span> 
     </span>
     <span class='ocr_line' id='line_1_16' title="bbox 94 1626 1197 1710; baseline 0.003 -25"><span class='ocrx_word' id='word_1_110' title='bbox 94 1639 97 1648; x_wconf 83' lang='lat'><em>&#39;</em></span> <span class='ocrx_word' id='word_1_111' title='bbox 192 1647 301 1706; x_wconf 69' lang='lat' dir='ltr'><strong>-genua</strong></span> <span class='ocrx_word' id='word_1_112' title='bbox 322 1626 380 1686; x_wconf 83' lang='lat' dir='ltr'><strong>tibi</strong></span> <span class='ocrx_word' id='word_1_113' title='bbox 400 1645 534 1705; x_wconf 80' lang='lat' dir='ltr'><strong>ponere,</strong></span> <span class='ocrx_word' id='word_1_114' title='bbox 558 1629 769 1710; x_wconf 76' lang='lat' dir='ltr'><strong>reuererique</strong></span> <span class='ocrx_word' id='word_1_115' title='bbox 789 1641 829 1699; x_wconf 52' lang='lat' dir='ltr'><strong>,tc</strong></span> <span class='ocrx_word' id='word_1_116' title='bbox 857 1640 894 1688; x_wconf 91' lang='lat' dir='ltr'><strong>ut</strong></span> <span class='ocrx_word' id='word_1_117' title='bbox 916 1631 1039 1690; x_wconf 77' lang='lat' dir='ltr'><strong>Ilcumt</strong></span> <span class='ocrx_word' id='word_1_118' title='bbox 1066 1642 1103 1689; x_wconf 82' lang='lat' dir='ltr'><strong>tu</strong></span> <span class='ocrx_word' id='word_1_119' title='bbox 1123 1630 1197 1688; x_wconf 85' lang='lat' dir='ltr'><strong>Phi·</strong></span> 
     </span>
     <span class='ocr_line' id='line_1_17' title="bbox 199 1706 1197 1791; baseline 0.006 -27"><span class='ocrx_word' id='word_1_120' title='bbox 199 1706 323 1786; x_wconf 91' lang='lat' dir='ltr'><strong>lippum</strong></span> <span class='ocrx_word' id='word_1_121' title='bbox 347 1717 470 1776; x_wconf 86' lang='lat' dir='ltr'><strong>patrem</strong></span> <span class='ocrx_word' id='word_1_122' title='bbox 492 1707 665 1782; x_wconf 80' lang='lat' dir='ltr'><strong>aversaris,</strong></span> <span class='ocrx_word' id='word_1_123' title='bbox 695 1707 774 1768; x_wconf 89' lang='lat' dir='ltr'><strong>etsi</strong></span> <span class='ocrx_word' id='word_1_124' title='bbox 796 1709 865 1791; x_wconf 90' lang='lat' dir='ltr'><strong>quis</strong></span> <span class='ocrx_word' id='word_1_125' title='bbox 887 1711 1031 1769; x_wconf 75' lang='lat' dir='ltr'><strong>lleorum</strong></span> <span class='ocrx_word' id='word_1_126' title='bbox 1054 1712 1197 1770; x_wconf 84' lang='lat' dir='ltr'><strong>ante-lc·</strong></span> 
     </span>
     <span class='ocr_line' id='line_1_18' title="bbox 168 1783 1198 1856; baseline 0.007 -16"><span class='ocrx_word' id='word_1_127' title='bbox 168 1797 272 1845; x_wconf 71' lang='lat' dir='ltr'><strong>tavena</strong></span> <span class='ocrx_word' id='word_1_128' title='bbox 299 1783 492 1854; x_wconf 79' lang='lat' dir='ltr'><strong>haberetur,</strong></span> <span class='ocrx_word' id='word_1_129' title='bbox 530 1783 690 1854; x_wconf 78' lang='lat' dir='ltr'><strong>l&#39;astidires</strong></span> <span class='ocrx_word' id='word_1_130' title='bbox 709 1787 820 1847; x_wconf 76' lang='lat' dir='ltr'><strong>etiam</strong></span> <span class='ocrx_word' id='word_1_131' title='bbox 848 1791 965 1848; x_wconf 81' lang='lat' dir='ltr'><strong>levem.</strong></span> <span class='ocrx_word' id='word_1_132' title='bbox 1008 1789 1149 1856; x_wconf 83' lang='lat' dir='ltr'><strong>Miraris,</strong></span> <span class='ocrx_word' id='word_1_133' title='bbox 1172 1789 1198 1847; x_wconf 93' lang='lat' dir='ltr'><strong>si</strong></span> 
     </span>
     <span class='ocr_line' id='line_1_19' title="bbox 162 1863 1198 1947; baseline 0.001 -23"><span class='ocrx_word' id='word_1_134' title='bbox 162 1886 164 1894; x_wconf 84' lang='grc'><strong>’</strong></span> <span class='ocrx_word' id='word_1_135' title='bbox 200 1863 293 1924; x_wconf 88' lang='lat' dir='ltr'><strong>liberi</strong></span> <span class='ocrx_word' id='word_1_136' title='bbox 312 1863 455 1924; x_wconf 88' lang='lat' dir='ltr'><strong>homines</strong></span> <span class='ocrx_word' id='word_1_137' title='bbox 476 1864 658 1944; x_wconf 79' lang='lat' dir='ltr'><strong>superbiam</strong></span> <span class='ocrx_word' id='word_1_138' title='bbox 687 1879 774 1926; x_wconf 89' lang='lat' dir='ltr'><strong>tuam</strong></span> <span class='ocrx_word' id='word_1_139' title='bbox 802 1867 890 1928; x_wconf 84' lang='lat' dir='ltr'><strong>ferre</strong></span> <span class='ocrx_word' id='word_1_140' title='bbox 920 1887 981 1928; x_wconf 78' lang='lat' dir='ltr'><strong>tlon</strong></span> <span class='ocrx_word' id='word_1_141' title='bbox 1006 1865 1198 1947; x_wconf 76' lang='lat' dir='ltr'><strong>possumus?</strong></span> 
     </span>
     <span class='ocr_line' id='line_1_20' title="bbox 207 1943 1197 2028; baseline 0.004 -26"><span class='ocrx_word' id='word_1_142' title='bbox 207 1943 294 2028; x_wconf 80' lang='lat' dir='ltr'><strong>Quid</strong></span> <span class='ocrx_word' id='word_1_143' title='bbox 314 1955 478 2023; x_wconf 73' lang='lat' dir='ltr'><strong>speramus</strong></span> <span class='ocrx_word' id='word_1_144' title='bbox 503 1963 548 2004; x_wconf 63' lang='lat' dir='ltr'><strong>ex,</strong></span> <span class='ocrx_word' id='word_1_145' title='bbox 570 1955 618 2016; x_wconf 86' lang='lat' dir='ltr'><strong>te,</strong></span> <span class='ocrx_word' id='word_1_146' title='bbox 655 1945 769 2026; x_wconf 87' lang='lat' dir='ltr'><strong>quibus</strong></span> <span class='ocrx_word' id='word_1_147' title='bbox 793 1959 844 2006; x_wconf 88' lang='lat' dir='ltr'><strong>aut</strong></span> <span class='ocrx_word' id='word_1_148' title='bbox 866 1946 1040 2007; x_wconf 85' lang='lat' dir='ltr'><strong>insontibus</strong></span> <span class='ocrx_word' id='word_1_149' title='bbox 1061 1947 1197 2006; x_wconf 85' lang='lat' dir='ltr'><strong>morien·</strong></span> 
     </span>
     <span class='ocr_line' id='line_1_21' title="bbox 158 2023 1214 2102; baseline 0 -21"><span class='ocrx_word' id='word_1_150' title='bbox 158 2094 160 2099; x_wconf 23' lang='grc' dir='ltr'>Ι</span> <span class='ocrx_word' id='word_1_151' title='bbox 201 2023 275 2082; x_wconf 72' lang='lat' dir='ltr'><strong>&lt;lum</strong></span> <span class='ocrx_word' id='word_1_152' title='bbox 298 2035 355 2095; x_wconf 82' lang='lat' dir='ltr'><strong>est,</strong></span> <span class='ocrx_word' id='word_1_153' title='bbox 376 2034 438 2095; x_wconf 86' lang='lat' dir='ltr'><strong>aut,</strong></span> <span class='ocrx_word' id='word_1_154' title='bbox 460 2023 546 2102; x_wconf 83' lang='lat' dir='ltr'><strong>quod</strong></span> <span class='ocrx_word' id='word_1_155' title='bbox 569 2024 692 2084; x_wconf 83' lang='lat' dir='ltr'><strong>tristius</strong></span> <span class='ocrx_word' id='word_1_156' title='bbox 708 2037 813 2085; x_wconf 82' lang='lat' dir='ltr'><strong>inerte</strong></span> <span class='ocrx_word' id='word_1_157' title='bbox 836 2039 894 2100; x_wconf 80' lang='lat' dir='ltr'><strong>est,</strong></span> <span class='ocrx_word' id='word_1_158' title='bbox 916 2029 948 2086; x_wconf 91' lang='lat' dir='ltr'><strong>in</strong></span> <span class='ocrx_word' id='word_1_159' title='bbox 970 2026 1126 2086; x_wconf 84' lang='lat' dir='ltr'><strong>servitute</strong></span> <span class='ocrx_word' id='word_1_160' title='bbox 1151 2027 1214 2086; x_wconf 54' lang='lat' dir='ltr'><strong>vis.</strong></span> 
     </span>
     <span class='ocr_line' id='line_1_22' title="bbox 167 2101 1200 2186; baseline 0.016 -38"><span class='ocrx_word' id='word_1_161' title='bbox 167 2101 364 2166; x_wconf 70' lang='lat' dir='ltr'><strong>serendum?</strong></span> <span class='ocrx_word' id='word_1_162' title='bbox 386 2105 436 2160; x_wconf 85' lang='lat' dir='ltr'><strong>&#39;l&#39;u</strong></span> <span class='ocrx_word' id='word_1_163' title='bbox 455 2102 594 2182; x_wconf 79' lang='lat' dir='ltr'><strong>quidem,</strong></span> <span class='ocrx_word' id='word_1_164' title='bbox 615 2103 641 2161; x_wconf 88' lang='lat' dir='ltr'><strong>si</strong></span> <span class='ocrx_word' id='word_1_165' title='bbox 662 2105 823 2163; x_wconf 85' lang='lat' dir='ltr'><strong>emendari</strong></span> <span class='ocrx_word' id='word_1_166' title='bbox 843 2118 947 2186; x_wconf 79' lang='lat' dir='ltr'><strong>potes,</strong></span> <span class='ocrx_word' id='word_1_167' title='bbox 969 2107 1102 2164; x_wconf 88' lang='lat' dir='ltr'><strong>multum</strong></span> <span class='ocrx_word' id='word_1_168' title='bbox 1125 2106 1200 2165; x_wconf 89' lang='lat' dir='ltr'><strong>mibi</strong></span> 
     </span>
     <span class='ocr_line' id='line_1_23' title="bbox 202 2180 1200 2268; baseline 0.01 -30"><span class='ocrx_word' id='word_1_169' title='bbox 202 2180 311 2242; x_wconf 85' lang='lat' dir='ltr'><strong>debes.</strong></span> <span class='ocrx_word' id='word_1_170' title='bbox 335 2183 384 2238; x_wconf 85' lang='lat' dir='ltr'><strong>Ex</strong></span> <span class='ocrx_word' id='word_1_171' title='bbox 405 2199 457 2238; x_wconf 87' lang='lat' dir='ltr'><strong>mc</strong></span> <span class='ocrx_word' id='word_1_172' title='bbox 480 2180 561 2238; x_wconf 88' lang='lat' dir='ltr'><strong>enim</strong></span> <span class='ocrx_word' id='word_1_173' title='bbox 589 2183 671 2241; x_wconf 89' lang='lat' dir='ltr'><strong>seire</strong></span> <span class='ocrx_word' id='word_1_174' title='bbox 694 2183 846 2262; x_wconf 80' lang='lat' dir='ltr'><strong>coepisti,</strong></span> <span class='ocrx_word' id='word_1_175' title='bbox 881 2187 958 2268; x_wconf 88' lang='lat' dir='ltr'><strong>quid</strong></span> <span class='ocrx_word' id='word_1_176' title='bbox 987 2186 1116 2267; x_wconf 82' lang='lat' dir='ltr'><strong>ingenui</strong></span> <span class='ocrx_word' id='word_1_177' title='bbox 1143 2187 1200 2248; x_wconf 81' lang='lat' dir='ltr'><strong>be·</strong></span> 
     </span>
     <span class='ocr_line' id='line_1_24' title="bbox 201 2257 1200 2348; baseline 0.007 -31"><span class='ocrx_word' id='word_1_178' title='bbox 201 2259 301 2317; x_wconf 80' lang='lat' dir='ltr'><strong>mines</strong></span> <span class='ocrx_word' id='word_1_179' title='bbox 324 2257 416 2316; x_wconf 80' lang='lat' dir='ltr'><strong>serre&#39;</strong></span> <span class='ocrx_word' id='word_1_180' title='bbox 434 2278 497 2317; x_wconf 90' lang='lat' dir='ltr'><strong>non</strong></span> <span class='ocrx_word' id='word_1_181' title='bbox 524 2258 654 2338; x_wconf 87' lang='lat' dir='ltr'><strong>possint.</strong></span> <span class='ocrx_word' id='word_1_182' title='bbox 697 2263 747 2321; x_wconf 89' lang='lat' dir='ltr'><strong>De</strong></span> <span class='ocrx_word' id='word_1_183' title='bbox 779 2274 890 2323; x_wconf 86' lang='lat' dir='ltr'><strong>cetero</strong></span> <span class='ocrx_word' id='word_1_184' title='bbox 918 2286 1033 2346; x_wconf 78' lang='lat' dir='ltr'><strong>parce,</strong></span> <span class='ocrx_word' id='word_1_185' title='bbox 1063 2285 1200 2348; x_wconf 83' lang='lat' dir='ltr'><strong>quarum</strong></span> 
     </span>
     <span class='ocr_line' id='line_1_25' title="bbox 175 2336 1200 2421; baseline 0.006 -23"><span class='ocrx_word' id='word_1_186' title='bbox 175 2353 179 2357; x_wconf 84' lang='lat'>&#39;</span> <span class='ocrx_word' id='word_1_187' title='bbox 202 2336 314 2398; x_wconf 86' lang='lat' dir='ltr'><strong>orbam</strong></span> <span class='ocrx_word' id='word_1_188' title='bbox 335 2347 532 2396; x_wconf 85' lang='lat' dir='ltr'><strong>senectutem</strong></span> <span class='ocrx_word' id='word_1_189' title='bbox 552 2340 716 2421; x_wconf 81' lang='lat' dir='ltr'><strong>suppliciis</strong></span> <span class='ocrx_word' id='word_1_190' title='bbox 744 2361 783 2401; x_wconf 87' lang='lat' dir='ltr'><strong>ne</strong></span> <span class='ocrx_word' id='word_1_191' title='bbox 811 2347 1012 2408; x_wconf 82' lang='lat' dir='ltr'><strong>oneraveris:</strong></span> <span class='ocrx_word' id='word_1_192' title='bbox 1047 2365 1105 2406; x_wconf 88' lang='lat' dir='ltr'><strong>nos</strong></span> <span class='ocrx_word' id='word_1_193' title='bbox 1125 2344 1200 2405; x_wconf 90' lang='lat' dir='ltr'><strong>iube</strong></span> 
     </span>
    </p>
   </div>
   <div class='ocr_carea' id='block_1_3' title="bbox 99 2575 1199 2737">
    <p class='ocr_par' dir='ltr' id='par_1_3' title="bbox 99 2575 1199 2737">
     <span class='ocr_line' id='line_1_26' title="bbox 99 2575 1199 2737; baseline 0.008 -86"><span class='ocrx_word' id='word_1_194' title='bbox 99 2684 101 2688; x_wconf 88' lang='lat'>.</span> <span class='ocrx_word' id='word_1_195' title='bbox 202 2598 317 2737; x_wconf 54' lang='lat' dir='ltr'><strong>peugssnd</strong></span> <span class='ocrx_word' id='word_1_196' title='bbox 343 2600 431 2652; x_wconf 83' lang='lat' dir='ltr'><strong>Cicer.</strong></span> <span class='ocrx_word' id='word_1_197' title='bbox 458 2599 562 2658; x_wconf 82' lang='lat' dir='ltr'><strong>Aeadd.</strong></span> <span class='ocrx_word' id='word_1_198' title='bbox 588 2602 622 2669; x_wconf 80' lang='grc' dir='ltr'><strong>ΙΙ,</strong></span> <span class='ocrx_word' id='word_1_199' title='bbox 648 2620 678 2654; x_wconf 79' lang='lat'><strong>12</strong></span> <span class='ocrx_word' id='word_1_200' title='bbox 705 2623 731 2673; x_wconf 84' lang='lat' dir='ltr'><strong>p.</strong></span> <span class='ocrx_word' id='word_1_201' title='bbox 759 2605 818 2671; x_wconf 58' lang='lat' dir='ltr'><strong>aba.</strong></span> <span class='ocrx_word' id='word_1_202' title='bbox 844 2606 978 2674; x_wconf 83' lang='lat' dir='ltr'><strong>Gerbard.</strong></span> <span class='ocrx_word' id='word_1_203' title='bbox 997 2575 1108 2661; x_wconf 71' lang='lat' dir='ltr'><strong>nd&#39;Cie.</strong></span> <span class='ocrx_word' id='word_1_204' title='bbox 1126 2609 1199 2660; x_wconf 87' lang='lat' dir='ltr'><strong>Lael.</strong></span> 
     </span>
    </p>
   </div>
   <div class='ocr_carea' id='block_1_4' title="bbox 203 2737 1200 2873">
    <p class='ocr_par' dir='ltr' id='par_1_4' title="bbox 203 2737 1200 2873">
     <span class='ocr_line' id='line_1_27' title="bbox 257 2737 1200 2854; baseline 0.014 -67"><span class='ocrx_word' id='word_1_205' title='bbox 257 2741 300 2800; x_wconf 87' lang='grc' dir='ltr'><strong>ιο)</strong></span> <span class='ocrx_word' id='word_1_206' title='bbox 319 2737 396 2788; x_wconf 82' lang='lat' dir='ltr'><strong>nobis</strong></span> <span class='ocrx_word' id='word_1_207' title='bbox 419 2745 479 2854; x_wconf 64' lang='lat' dir='ltr'><strong>pest</strong></span> <span class='ocrx_word' id='word_1_208' title='bbox 497 2739 635 2787; x_wconf 85' lang='lat' dir='ltr'><strong>conscium</strong></span> <span class='ocrx_word' id='word_1_209' title='bbox 654 2743 741 2792; x_wconf 73' lang='lat' dir='ltr'><strong>omitt.</strong></span> <span class='ocrx_word' id='word_1_210' title='bbox 768 2743 846 2793; x_wconf 85' lang='lat' dir='ltr'><strong>Voss.</strong></span> <span class='ocrx_word' id='word_1_211' title='bbox 872 2759 896 2794; x_wconf 70' lang='grc' dir='ltr'><strong>ι.</strong></span> <span class='ocrx_word' id='word_1_212' title='bbox 922 2743 955 2794; x_wconf 83' lang='lat' dir='ltr'><strong>cl.</strong></span> <span class='ocrx_word' id='word_1_213' title='bbox 984 2743 1053 2812; x_wconf 76' lang='lat' dir='ltr'><strong>Scyl.</strong></span> <span class='ocrx_word' id='word_1_214' title='bbox 1080 2743 1200 2799; x_wconf 85' lang='lat' dir='ltr'><strong>Gramm.</strong></span> 
     </span>
     <span class='ocr_line' id='line_1_28' title="bbox 203 2804 669 2873; baseline 0.004 -19"><span class='ocrx_word' id='word_1_215' title='bbox 203 2805 262 2858; x_wconf 81' lang='lat' dir='ltr'><strong>Lat.</strong></span> <span class='ocrx_word' id='word_1_216' title='bbox 282 2804 304 2872; x_wconf 62' lang='grc' dir='ltr'><strong>ς.</strong></span> <span class='ocrx_word' id='word_1_217' title='bbox 328 2812 400 2871; x_wconf 77' lang='lat'><strong>¹97¹·</strong></span> <span class='ocrx_word' id='word_1_218' title='bbox 445 2805 515 2864; x_wconf 89' lang='lat' dir='ltr'><strong>.lV,</strong></span> <span class='ocrx_word' id='word_1_219' title='bbox 538 2824 565 2873; x_wconf 90' lang='lat' dir='ltr'><strong>p.</strong></span> <span class='ocrx_word' id='word_1_220' title='bbox 583 2805 625 2870; x_wconf 75' lang='lat'><strong>46,</strong></span> <span class='ocrx_word' id='word_1_221' title='bbox 646 2821 669 2870; x_wconf 70' lang='grc' dir='ltr'><strong>ε,</strong></span> 
     </span>
    </p>
   </div>
   <div class='ocr_carea' id='block_1_5' title="bbox 203 2879 1203 3362">
    <p class='ocr_par' dir='ltr' id='par_1_5' title="bbox 203 2879 1203 3362">
     <span class='ocr_line' id='line_1_29' title="bbox 215 2879 1201 2960; baseline 0.007 -24"><span class='ocrx_word' id='word_1_222' title='bbox 215 2947 217 2951; x_wconf 28' lang='grc' dir='ltr'>Ι</span> <span class='ocrx_word' id='word_1_223' title='bbox 239 2887 299 2953; x_wconf 83' lang='grc' dir='ltr'><strong>ἰι)</strong></span> <span class='ocrx_word' id='word_1_224' title='bbox 319 2889 398 2942; x_wconf 81' lang='lat' dir='ltr'><strong>relat,</strong></span> <span class='ocrx_word' id='word_1_225' title='bbox 419 2879 505 2938; x_wconf 76' lang='lat' dir='ltr'><strong>sune</strong></span> <span class='ocrx_word' id='word_1_226' title='bbox 522 2889 563 2936; x_wconf 88' lang='lat' dir='ltr'><strong>Fl.</strong></span> <span class='ocrx_word' id='word_1_227' title='bbox 582 2887 657 2938; x_wconf 87' lang='lat' dir='ltr'><strong>Leid.</strong></span> <span class='ocrx_word' id='word_1_228' title='bbox 676 2888 753 2938; x_wconf 87' lang='lat' dir='ltr'><strong>Voss.</strong></span> <span class='ocrx_word' id='word_1_229' title='bbox 775 2905 798 2938; x_wconf 84' lang='lat' dir='ltr'><strong>t.</strong></span> <span class='ocrx_word' id='word_1_230' title='bbox 817 2903 842 2943; x_wconf 64' lang='grc' dir='ltr'><strong>ε.</strong></span> <span class='ocrx_word' id='word_1_231' title='bbox 861 2905 923 2940; x_wconf 89' lang='lat' dir='ltr'><strong>cum</strong></span> <span class='ocrx_word' id='word_1_232' title='bbox 941 2889 1011 2942; x_wconf 84' lang='lat' dir='ltr'><strong>Edd.</strong></span> <span class='ocrx_word' id='word_1_233' title='bbox 1028 2901 1093 2944; x_wconf 81' lang='lat' dir='ltr'><strong>vett.</strong></span> <span class='ocrx_word' id='word_1_234' title='bbox 1106 2919 1137 2932; x_wconf 89' lang='lat'>-</span> <span class='ocrx_word' id='word_1_235' title='bbox 1150 2907 1201 2960; x_wconf 85' lang='lat' dir='ltr'><strong>pro</strong></span> 
     </span>
     <span class='ocr_line' id='line_1_30' title="bbox 203 2955 859 3005; baseline -0.006 0"><span class='ocrx_word' id='word_1_236' title='bbox 203 2955 323 3005; x_wconf 82' lang='lat' dir='ltr'><strong>victores</strong></span> <span class='ocrx_word' id='word_1_237' title='bbox 342 2956 459 3005; x_wconf 83' lang='lat' dir='ltr'><strong>Theocr.</strong></span> <span class='ocrx_word' id='word_1_238' title='bbox 476 2955 612 3003; x_wconf 71' lang='lat' dir='ltr'><strong>victua-os.</strong></span> <span class='ocrx_word' id='word_1_239' title='bbox 664 2964 666 2969; x_wconf 86' lang='lat'>&#39;</span> <span class='ocrx_word' id='word_1_240' title='bbox 853 2976 859 2981; x_wconf 93' lang='lat'>·</span> 
     </span>
     <span class='ocr_line' id='line_1_31' title="bbox 257 3020 1015 3096; baseline 0.003 -22"><span class='ocrx_word' id='word_1_241' title='bbox 257 3020 299 3087; x_wconf 80' lang='lat'><strong>12)</strong></span> <span class='ocrx_word' id='word_1_242' title='bbox 318 3023 359 3070; x_wconf 80' lang='grc' dir='ltr'><strong>ΡΙ.</strong></span> <span class='ocrx_word' id='word_1_243' title='bbox 378 3021 523 3076; x_wconf 76' lang='lat' dir='ltr'><strong>delectant.</strong></span> <span class='ocrx_word' id='word_1_244' title='bbox 544 3053 575 3062; x_wconf 79' lang='lat'>—</span> <span class='ocrx_word' id='word_1_245' title='bbox 596 3023 672 3072; x_wconf 89' lang='lat' dir='ltr'><strong>Voss.</strong></span> <span class='ocrx_word' id='word_1_246' title='bbox 692 3038 717 3076; x_wconf 84' lang='lat'><strong>2.</strong></span> <span class='ocrx_word' id='word_1_247' title='bbox 736 3025 846 3075; x_wconf 83' lang='lat' dir='ltr'><strong>Persar.</strong></span> <span class='ocrx_word' id='word_1_248' title='bbox 864 3043 984 3096; x_wconf 80' lang='lat' dir='ltr'><strong>quoqu</strong></span> <span class='ocrx_word' id='word_1_249' title='bbox 994 3046 1015 3076; x_wconf 86' lang='lat' dir='ltr'><strong>e.</strong></span> 
     </span>
     <span class='ocr_line' id='line_1_32' title="bbox 257 3088 626 3218; baseline -0.003 -78"><span class='ocrx_word' id='word_1_250' title='bbox 257 3089 299 3218; x_wconf 46' lang='lat'><strong>133</strong></span> <span class='ocrx_word' id='word_1_251' title='bbox 320 3090 395 3138; x_wconf 89' lang='lat' dir='ltr'><strong>Voss.</strong></span> <span class='ocrx_word' id='word_1_252' title='bbox 414 3104 439 3137; x_wconf 67' lang='grc' dir='ltr'><strong>α.</strong></span> <span class='ocrx_word' id='word_1_253' title='bbox 458 3088 626 3139; x_wconf 79' lang='lat' dir='ltr'><strong>adversaris.</strong></span> 
     </span>
     <span class='ocr_line' id='line_1_33' title="bbox 211 3154 1202 3224; baseline 0.009 -18"><span class='ocrx_word' id='word_1_254' title='bbox 211 3182 214 3189; x_wconf 95' lang='lat'>·</span> <span class='ocrx_word' id='word_1_255' title='bbox 242 3154 293 3224; x_wconf 29' lang='lat'>..¹4</span> <span class='ocrx_word' id='word_1_256' title='bbox 318 3158 347 3208; x_wconf 79' lang='grc' dir='ltr'><strong>Ρ.</strong></span> <span class='ocrx_word' id='word_1_257' title='bbox 365 3165 522 3223; x_wconf 81' lang='lat' dir='ltr'><strong>transp‚.est</strong></span> <span class='ocrx_word' id='word_1_258' title='bbox 539 3169 634 3212; x_wconf 78' lang='lat' dir='ltr'><strong>morte.</strong></span> <span class='ocrx_word' id='word_1_259' title='bbox 654 3181 687 3193; x_wconf 88' lang='lat'>-</span> <span class='ocrx_word' id='word_1_260' title='bbox 705 3161 734 3209; x_wconf 82' lang='lat' dir='ltr'><strong>in</strong></span> <span class='ocrx_word' id='word_1_261' title='bbox 754 3159 921 3212; x_wconf 67' lang='lat' dir='ltr'><strong>servitudinis</strong></span> <span class='ocrx_word' id='word_1_262' title='bbox 939 3164 1018 3214; x_wconf 88' lang='lat' dir='ltr'><strong>Voss.</strong></span> <span class='ocrx_word' id='word_1_263' title='bbox 1037 3180 1061 3215; x_wconf 77' lang='lat' dir='ltr'><strong>n.</strong></span> <span class='ocrx_word' id='word_1_264' title='bbox 1081 3165 1117 3215; x_wconf 85' lang='lat' dir='ltr'><strong>cl.</strong></span> <span class='ocrx_word' id='word_1_265' title='bbox 1135 3166 1202 3215; x_wconf 88' lang='lat' dir='ltr'><strong>Nol·</strong></span> 
     </span>
     <span class='ocr_line' id='line_1_34' title="bbox 206 3225 802 3292; baseline -0.002 -16"><span class='ocrx_word' id='word_1_266' title='bbox 206 3225 454 3278; x_wconf 80' lang='lat' dir='ltr'><strong>ten.Le1.Antih.</strong></span> <span class='ocrx_word' id='word_1_267' title='bbox 494 3231 577 3289; x_wconf 78' lang='lat'><strong>.728.</strong></span> <span class='ocrx_word' id='word_1_268' title='bbox 596 3243 635 3292; x_wconf 90' lang='lat' dir='ltr'><strong>sq.</strong></span> <span class='ocrx_word' id='word_1_269' title='bbox 800 3243 802 3248; x_wconf 95' lang='lat'>·</span> 
     </span>
     <span class='ocr_line' id='line_1_35' title="bbox 213 3241 1203 3362; baseline 0.004 -20"><span class='ocrx_word' id='word_1_270' title='bbox 213 3302 216 3307; x_wconf 83' lang='lat'><em>&#39;</em></span> <span class='ocrx_word' id='word_1_271' title='bbox 262 3290 303 3360; x_wconf 78' lang='lat'><strong>¹5)</strong></span> <span class='ocrx_word' id='word_1_272' title='bbox 332 3299 399 3358; x_wconf 85' lang='lat' dir='ltr'><strong>optt.</strong></span> <span class='ocrx_word' id='word_1_273' title='bbox 425 3241 521 3345; x_wconf 40' lang='lat' dir='ltr'><strong>Gobdi</strong></span> <span class='ocrx_word' id='word_1_274' title='bbox 543 3293 684 3344; x_wconf 85' lang='lat' dir='ltr'><strong>emendari</strong></span> <span class='ocrx_word' id='word_1_275' title='bbox 705 3305 821 3362; x_wconf 81' lang='lat' dir='ltr'><strong>potest</strong></span> <span class='ocrx_word' id='word_1_276' title='bbox 830 3313 842 3357; x_wconf 86' lang='lat'><strong>,·</strong></span> <span class='ocrx_word' id='word_1_277' title='bbox 870 3296 946 3349; x_wconf 89' lang='lat' dir='ltr'><strong>Frsh.</strong></span> <span class='ocrx_word' id='word_1_278' title='bbox 971 3307 1067 3349; x_wconf 86' lang='lat' dir='ltr'><strong>contra</strong></span> <span class='ocrx_word' id='word_1_279' title='bbox 1098 3307 1203 3350; x_wconf 84' lang='lat' dir='ltr'><strong>auctor.</strong></span> 
     </span>
    </p>
   </div>
   <div class='ocr_carea' id='block_1_6' title="bbox 205 3357 1204 3495">
    <p class='ocr_par' dir='ltr' id='par_1_6' title="bbox 205 3357 1204 3495">
     <span class='ocr_line' id='line_1_36' title="bbox 207 3357 1204 3435; baseline 0.003 -23"><span class='ocrx_word' id='word_1_280' title='bbox 207 3367 275 3428; x_wconf 74' lang='lat' dir='ltr'><strong>opit.</strong></span> <span class='ocrx_word' id='word_1_281' title='bbox 297 3358 385 3410; x_wconf 85' lang='lat' dir='ltr'>Codd.</span> <span class='ocrx_word' id='word_1_282' title='bbox 406 3357 622 3428; x_wconf 80' lang='lat' dir='ltr'><strong>quod-possent.</strong></span> <span class='ocrx_word' id='word_1_283' title='bbox 654 3389 688 3402; x_wconf 88' lang='lat'><em>-</em></span> <span class='ocrx_word' id='word_1_284' title='bbox 725 3362 803 3412; x_wconf 87' lang='lat' dir='ltr'><strong>Voss.</strong></span> <span class='ocrx_word' id='word_1_285' title='bbox 822 3379 846 3418; x_wconf 75' lang='lat'><strong>2.</strong></span> <span class='ocrx_word' id='word_1_286' title='bbox 865 3364 939 3414; x_wconf 84' lang='lat' dir='ltr'>Mod.</span> <span class='ocrx_word' id='word_1_287' title='bbox 960 3366 1063 3416; x_wconf 81' lang='lat' dir='ltr'><strong>addunt</strong></span> <span class='ocrx_word' id='word_1_288' title='bbox 1076 3365 1125 3416; x_wconf 57' lang='grc' dir='ltr'><strong>Ἰιιέ</strong></span> <span class='ocrx_word' id='word_1_289' title='bbox 1142 3373 1204 3435; x_wconf 82' lang='lat' dir='ltr'><strong>pest</strong></span> 
     </span>
     <span class='ocr_line' id='line_1_37' title="bbox 205 3442 296 3495; baseline -0.011 -19"><span class='ocrx_word' id='word_1_290' title='bbox 205 3442 296 3495; x_wconf 79' lang='lat' dir='ltr'><strong>parce.</strong></span> 
     </span>
    </p>
   </div>
   <div class='ocr_carea' id='block_1_7' title="bbox 0 0 1364 3876">
    <p class='ocr_par' dir='ltr' id='par_1_7' title="bbox 0 0 1364 3876">
     <span class='ocr_line' id='line_1_38' title="bbox 0 0 1364 3876; baseline 0 0"><span class='ocrx_word' id='word_1_291' title='bbox 0 0 1364 3876; x_wconf 95' lang='lat' dir='ltr'><strong> </strong></span> 
     </span>
    </p>
   </div>
  </div>
 </body>
</html>
