2688 3872
491 961 533 1069 Q.
576 967 751 1030 CURTll
788 967 912 1028 RUFI

676 1141 765 1183 nn.

621 1267 781 1321 Gesrls

205 1413 809 1520 ALEXANDRI
871 1333 1205 1520 MAGNI

491 1631 618 1694 REGIS
644 1632 921 1696 MACEDONUM

614 1793 739 1846 LIBER
764 1793 823 1890 Χ.1

647 1919 763 1933 ..ι-ι·-

577 2016 837 2098 anconitanae.

274 2149 324 2217 (r)
343 2147 410 2201 ilem
435 2151 569 2205 Cleander
595 2158 732 2222 ceterique
759 2151 890 2222 praelecti
912 2151 1068 2219 copiarum,
1088 2168 1157 2220 quae
1177 2147 1204 2202 in

206 2219 298 2270 Media
316 2221 426 2270 relictae
446 2221 566 2284 fuerant,
584 2225 700 2284 evocati,
719 2224 853 2272 scelerum
871 2229 899 2270 ct
914 2219 1076 2285 flagitiorum
1094 2221 1121 2269 ln
1138 2234 1203 2288 pro·

206 2289 291 2336 vincia
313 2287 488 2336 admissorum
508 2305 607 2354 poenas
628 2289 769 2340 dederunt.
813 2289 863 2354 (a)
886 2287 1024 2338 Nearchus
1047 2296 1075 2337 et
1106 2289 1203 2338 Onesi·

206 2355 288 2403 critas
307 2355 388 2401 litora
409 2355 489 2403 llabri
509 2356 587 2405 maris
606 2360 725 2422 legentes
745 2373 807 2406 curn
832 2357 859 2404 in
884 2356 1023 2420 regionem
1043 2355 1204 2410 Carmaniae

205 2421 346 2481 venissent,
365 2422 466 2471 relictis
489 2422 599 2473 navibus
616 2425 650 2474 ad
672 2439 762 2489 regern
793 2421 959 2485 ascendunt,
982 2433 1008 2474 et
1030 2425 1151 2474 referant
1170 2419 1205 2471 de

205 2484 373 2548 mirabilibus
391 2489 500 2538 Oceani.
520 2491 567 2538 llle
587 2492 621 2541 ad
640 2493 750 2546 clasaem
768 2491 894 2542 remissos
912 2491 1056 2558 pertinum
1065 2491 1205 2540 PersIcura

207 2555 392 2623 &Euphratis
413 2557 480 2606 ostia
499 2557 660 2624 Babylonem
683 2566 826 2625 penetrare
851 2559 941 2620 iussit,
977 2560 1023 2622 (3)
1049 2559 1203 2623 eodemque

205 2631 330 2690 tempore
347 2625 493 2690 longinqua
512 2628 624 2677 consilia
642 2629 759 2693 agitans,
778 2635 808 2676 ut
828 2626 854 2674 in
866 2624 1002 2694 Euphrate
1019 2635 1047 2677 el
1062 2627 1127 2676 mari
1146 2641 1203 2676 rne-
1225 2623 1228 2628 ’

207 2691 253 2742 dio
271 2694 298 2740 in
317 2707 363 2743 ens
383 2694 473 2743 elassis
493 2689 680 2744 aedificaretur
698 2693 848 2762 imperavit.

224 2775 230 2784 ·
277 2710 327 2824 (i)
351 2760 588 2826 Cum'Persagada
608 2765 735 2825 venissel,
755 2763 881 2822 Orsines,
901 2767 1006 2828 satrapa
1025 2762 1159 2828 regionis,
1179 2767 1206 2809 el

206 2829 263 2892 regi
289 2837 315 2878 el
341 2830 410 2894 regis
444 2829 536 2878 arhicis
560 2839 668 2896 praeter
690 2846 772 2878 unum
799 2830 911 2893 Bagoon
926 2831 1040 2878 maxima
1062 2829 1133 2880 dona
1154 2829 1222 2878 ob·'

206 2898 278 2945 tulit.
314 2896 400 2961 Quam
430 2895 466 2945 ob
491 2913 597 2946 causata
621 2915 682 2948 eum
708 2897 793 2964 spado
824 2895 896 2962 apud
922 2911 1012 2961 regem
1039 2899 1205 2956 criminalia,

207 2964 258 3026 (5)
278 2980 340 3013 cnm
365 2961 426 3012 data
454 2964 597 3014 occasione
621 2966 700 3015 etiam
727 2965 840 3015 crimine
866 2965 973 3030 spoliati
996 2964 1059 3031 Cyri
1087 2965 1203 3032 sepulcri

208 3038 235 3080 et
255 3033 330 3095 regni
348 3031 457 3097 appetiti
476 3029 669 3095 insimulasset,
689 3031 812 3100 perfecit,
832 3029 864 3080 ‘ut
882 3032 1017 3098 supplicio
1038 3032 1204 3085 afficerelar.

207 3099 259 3150 iam
278 3098 311 3148 ad
328 3098 463 3148 saevitiam
482 3107 576 3149 contra
595 3101 735 3167 pristinum
751 3114 855 3149 morem
874 3099 1023 3150 inclinante
1040 3097 1204 3151 Alexandra.

274 3167 322 3232 (6)
341 3168 447 3215 Auctor
465 3164 590 3234 deinceps
609 3165 642 3216 de
661 3165 793 3216 Graeciae
812 3165 930 3215 motibus
949 3166 989 3229 (et
1015 3168 1112 3217 itinere
1131 3168 1205 3230 regie

207 3252 294 3304 resque
311 3234 382 3283 Sara
401 3235 577 3300 continuato)
596 3247 623 3284 et
639 3235 762 3299 Harpali
770 3232 848 3302 faga
865 3247 1042 3301 exposuerat,
1065 3234 1116 3285 sed
1128 3235 1204 3284 laca-

206 3321 243 3352 na
266 3305 318 3354 lma
341 3301 402 3351 lurco
420 3312 468 3361 ast,
482 3319 508 3353 a.
526 3301 568 3354 Io,
587 3303 778 3352 Freinshemio
809 3300 956 3351 secandam
972 3319 1019 3362 ea,
1045 3321 1116 3372 quae
1134 3299 1204 3351 Dio·

207 3369 293 3422 doras
315 3364 441 3428 tradidit,
463 3368 557 3436 (arcad
573 3368 613 3418 acl
628 3370 782 3437 Harpalum
801 3368 905 3438 qittrlem
931 3371 1062 3436 pertinet)
1086 3370 1204 3438 expleta.

206 3441 253 3508 (7)
273 3443 338 3492 Nam
358 3453 417 3489 curn
437 3436 589 3492 Alexander
606 3437 641 3486 ob
661 3446 800 3505 receptam
821 3438 963 3502 Harpalum
982 3421 1205 3488 bellamnoam-e·
