2688 3872
409 378 454 429 DE
474 376 598 428 GEsTls
620 375 722 426 ALEx.
741 374 788 439 lx,
807 373 849 438 [pu.
1036 397 1041 411 s
1070 385 1118 440 159
1163 415 1164 418 ,

120 522 342 610 magnitudinis
369 543 443 586 vasa
472 521 614 604 disponi-3
644 518 787 583 vehicula
810 519 926 584 deinde
949 534 1118 603 constrata,

119 621 155 668 ut
174 609 283 688 plures
310 623 426 687 capere
456 603 572 663 milites
596 610 749 682 possent,
776 601 808 660 in
836 601 1117 668 tabernaculorum

118 689 246 748 modum
272 685 389 754 ornari,
412 683 471 744 alia
494 679 635 744 candidis
660 681 747 756 velis,
771 679 830 740 alia
850 693 943 742 veste
963 685 1120 762 pretiosa.

118 767 218 827 Primi
245 767 333 827 ibant
362 760 453 824 amici
481 773 515 822 et
552 761 670 823 cohors
702 760 807 842 regia,
842 760 937 820 variis
972 763 1154 834 redimitaua

117 845 250 908 floribus
273 843 484 924 coronisque3
506 841 580 901 alibi
600 840 764 900 tibicinum
785 851 913 915 cantus,
937 839 1010 900 alibi
1031 844 1118 924 lyrae

119 945 215 986 sonus
239 924 443 984 audiebatur:
470 921 546 981 item
574 921 604 988 in
632 917 788 982 vehiculis
818 939 879 1000 pro
902 919 994 1001 copia
1016 925 1118 984 cuius·

119 1027 183 1088 que
214 1005 372 1063 adornatis
400 999 660 1062 comissabundus
691 997 867 1076 exercitus,
897 999 1008 1075 armis,
1036 1025 1119 1086 quae

119 1084 256 1144 niaxime
278 1083 397 1142 decora
419 1091 520 1154 erant,
541 1077 885 1160 circumpendentibus.
916 1082 1021 1173 Ipsum
1044 1103 1121 1144 aon.

118 1165 272 1255 vivasque
299 1181 413 1222 currus
438 1159 592 1228 vehebat,
623 1159 753 1219 crateris
782 1159 886 1218 aureis
912 1159 1119 1245 eiusdemque

119 1253 271 1302 materiae
300 1240 479 1323 ingentibus
513 1238 638 1376 poculis
676 1237 870 1321 praegravis.
919 1242 993 1301 Hoc
1021 1240 1154 1304 modoet
1191 1254 1197 1264 '

119 1341 180 1403 per
202 1320 269 1380 dies
292 1327 415 1401 septem
433 1319 512 1381 bace
537 1318 694 1378 abundum
718 1339 829 1400 agmen
850 1316 986 1394 incessit,
1011 1327 1121 1402 parata

119 1398 252 1482 praeda,
275 1401 300 1458 si
321 1400 401 1482 quid
421 1396 513 1461 victis
536 1398 646 1458 saltem
662 1397 814 1458 adversus
831 1399 1035 1460 comissantes
1057 1402 1121 1462 aui·'

122 1480 165 1539 mi
186 1478 316 1539 fuisset:
338 1479 425 1538 mille
442 1477 587 1554 hercule,
608 1477 669 1538 viri
690 1475 786 1538 modo
811 1489 844 1538 et
864 1477 974 1554 sobrii,
997 1495 1120 1562 septem

121 1559 246 1618 alierum
269 1559 399 1638 crapula
420 1577 533 1640 graves
552 1559 582 1616 in
604 1578 661 1618 suo
683 1557 845 1653 triumpho
869 1578 984 1639 capere
1004 1566 1120 1640 potue·

120 1648 204 1700 runt.
248 1637 313 1707 Sed
343 1637 492 1711 fortuna,
521 1656 617 1720 quae,
639 1635 736 1698 rebus
768 1637 883 1698 lamam
914 1640 1154 1723 pretiumquead

120 1717 293 1794 constituit,
314 1716 377 1777 hoc
399 1734 531 1799 quoque
552 1715 680 1775 militiae
703 1715 859 1796 probrum
882 1719 979 1778 vertit
1001 1719 1031 1778 in
1053 1723 1121 1802 glo·

119 1797 208 1862 riam.
251 1795 294 1856 Et
320 1816 471 1876 praesens
499 1807 585 1859 aetas
613 1804 648 1854 et
674 1795 844 1874 posteritas
872 1797 987 1856 deinde
1008 1799 1121 1860 mirata

121 1887 180 1946 est,
203 1897 263 1958 per
284 1886 395 1956 gentes
416 1874 556 1936 nondum
579 1875 652 1934 satis
675 1873 809 1934 domitas
828 1875 993 1936 incessisse
1018 1889 1120 1938 temu-
1214 1883 1215 1886 ’

120 1957 236 2028 lentos,
258 1946 420 2023 barbaris,
451 1953 540 2037 quod
570 1953 732 2014 temeritas
750 1963 837 2028 erat,
871 1954 1020 2015 fiduciam
1050 1975 1121 2018 esse

120 2033 333 2096 credentibus.
376 2033 470 2094 Hunc
506 2044 693 2114 apparatum
730 2033 871 2093 carnifex
910 2035 1160 2116 sequendumve

120 2117 241 2197 quippe
255 2119 408 2194 'satrapes
432 2115 591 2194 Aspastes‚
614 2113 654 2172 de
699 2129 741 2173 uo
764 2123 835 2173 ante
860 2112 980 2174 dictum
1001 2125 1059 2186 est,
1076 2118 1121 2176 in·

120 2194 227 2256 terliei
246 2189 348 2252 iussus
378 2205 436 2254 est.
457 2243 460 2248 ,
479 2193 572 2257 Adeo
602 2208 661 2252 nec
678 2133 832 2254 luxuriae
855 2189 1026 2278 quicquam
1051 2201 1162 2258 cru-³⁰
1213 2209 1216 2218 ’

120 2274 243 2351 delites,
264 2291 324 2334 nec
351 2270 533 2335 crudelitati
553 2271 678 2334 luxuria
699 2271 815 2355 obstat.

134 2441 304 2456 *-

166 2539 212 2605 96)
230 2539 318 2589 eoas.
340 2533 499 2590 aaarn‘nam.
516 2560 548 2578 .-
569 2532 599 2588 tn
617 2540 678 2588 ante
694 2535 830 2588 vehiculis
849 2501 917 2607 apa.
938 2535 1026 2588 eoas.
1045 2538 1122 2604 igno·
1162 2561 1165 2564 -

121 2613 218 2740 ranbp)
247 2680 414 2738 parmasu
439 2632 595 2721 emendatio
622 2663 761 2732 Palmerli,
779 2635 884 2720 firmala
902 2664 971 2730 cod,
994 2669 1120 2734 Tlieocr.,

121 2742 164 2790 alii
185 2739 272 2788 codd.
303 2748 382 2786 sorta.
417 2779 418 2784 ,

84 2829 86 2834 ·
174 2810 218 2874 3⁰)
237 2756 325 2859 Cotid.
346 2808 412 2872 opll.
432 2821 464 2852 aaa
480 2803 574 2854 luxuri
