2686 3876
165 344 167 350 ’
209 375 246 432 43
460 373 494 416 ,·
568 363 603 434 a.
621 355 853 450 euarnaurr'
905 381 907 386 ·

124 585 127 590 ,
198 535 367 604 nunqnam
382 508 422 576 'se'
442 511 585 589 inimic'o's
607 513 691 576 bosti
710 512 812 578 fuisse
835 513 1041 600 respondent.
1078 518 1113 580 Si
1133 519 1206 604 quis

208 603 296 684 ipsos
317 594 474 657 beuclicio
496 615 591 679 quam
609 594 722 656 iniuria
744 598 886 678 experiri
909 597 1081 676 maluisset,
1102 607 1208 662 certa·

168 679 296 744 ⁹urr'os
316 676 433 752 fuisse,
455 695 509 736 'ne
540 675 747 739 vincerentur
774 675 893 740 officio.
937 681 1218 765 Interrogatiques

207 783 272 846 quo
292 757 427 841 pignore
448 753 546 816 fidem
567 756 739 838 obligaturi
759 757 889 820 essent?
909 759 1018 837 vitam,
1062 782 1135 821 uam
1155 782 1207 824 ae·

207 843 367 924 ciperem,
393 837 521 919 pignori
547 833 688 897 futuram
717 857 788 898 esse
815 838 964 900 dixerunt
975 859 987 900 :¹
1009 783 1207 918 reddituros,

206 920 398 1006 quandoque
413 917 591 998 repetisset.
613 918 680 978 Nec
693 917 884 998 promissum
903 919 1101 984 fefellerunt.
1125 924 1207 984 Nam

205 1002 261 1086 qui
276 998 400 1061 remissi
427 997 540 1059 domos
565 995 678 1068 ierant,
711 995 775 1058 fide
802 1000 988 1061 continuere
1014 1001 1187 1082 populares
1195 1023 1206 1082 3

219 1093 375 1157 nattum,
396 1079 480 1138 inter
501 1075 649 1137 custodes
672 1079 816 1158 corporis
836 1081 971 1160 retenti,
997 1079 1077 1142 'nulli
1097 1083 1205 1145 Mace-

192 1105 324 1225 donum
343 1161 376 1222 in
396 1177 508 1252 regem
531 1155 661 1218 caritate
684 1170 859 1223 cesserunt.

163 1247 205 1314 40
284 1244 319 1302 ln
343 1236 510 1322 Sogdianis
529 1237 691 1297 Peucolao
717 1256 788 1296 cum
815 1239 918 1300 tribus
953 1240 1080 1302 milibus
1137 1243 1204 1308 edi-

192 1319 273 1388 turi
295 1324 417 1405 (neque
445 1317 527 1378 enim
554 1315 665 1378 maiori
696 1317 856 1397 praesidio
876 1319 1053 1403 indigebat)
1067 1263 1203 1403 relicto,

202 1408 321 1465 Bactra
348 1397 503 1482 pervenit.
532 1395 621 1456 'Inde
644 1399 781 1458 Bessum
800 1398 970 1460 Ecbatana
999 1399 1073 1462 duci
1101 1403 1203 1483 iussit,

155 1481 374 1556 ·11'interi'ecto
395 1477 495 1538 Dario
523 1496 642 1558 poenas
667 1477 772 1558 capite
816 1480 1042 1541 crsoluturum.
1085 1484 1203 1546 Iisdem
1246 1499 1249 1512 ·

202 1561 275 1624 iere
297 1561 408 1622 diebus
429 1557 633 1618 Ptolemaeus
650 1569 688 1618 et
709 1499 848 1620 Menidas
869 1559 1014 1640 peditum
1036 1563 1097 1624 tria
1118 1565 1204 1632 milia

170 1654 237 1704 sset
258 1643 380 1726 equites
402 1637 488 1716 mille
509 1635 718 1712 adduxerunt,
729 1639 878 1700 mercede
900 1640 1102 1704 militaturos.
1128 1646 1202 1710 Alo-

203 1721 325 1784 xander
345 1737 476 1806 quoque
498 1739 539 1780 ex
558 1718 655 1796 Lycia
676 1739 748 1783 cum
768 1721 836 1800 pari
850 1741 984 1784 numero
1000 1723 1146 1805 peditum
1169 1737 1203 1788 et

114 1831 122 1859 l
202 1803 234 1864 Ι)
256 1803 415 1887 equitibus
437 1799 535 1863 venit.
575 1797 726 1860 Totidem
749 1819 789 1873 er
813 1800 904 1882 Syria
932 1802 1203 1886 Asclepiodorum

202 1884 436 1980 sequebantur:
457 1881 625 1962 Antipater
645 1879 846 1944 Graecorum
867 1881 946 1944 VIII·
959 1884 1055 1954 milia,
1076 1886 1108 1946 in
1129 1886 1201 1972 quis

168 1964 259 2037 2an
280 1965 403 2050 equites
425 1973 525 2037 erant,
545 1959 685 2023 miserat.
734 1962 844 2044 ltaque
872 1963 1017 2024 exercitu
1033 1977 1137 2043 aucto,
1161 1966 1202 2028 ad

202 2048 257 2122 ea,
286 2065 369 2130 quae
389 2041 574 2104 defectione
599 2039 725 2102 turbata
746 2054 853 2118 erant,
885 2045 1103 2124 componenda
1124 2067 1201 2126 pro·

201 2124 306 2198 cessit,
326 2120 571 2203 interfectisque
593 2121 853 2182 consternationis
875 2123 1058 2186 auctoribus
1105 2139 1200 2189 narto

201 2201 315 2263 dicad
334 2201 454 2262 llumen
474 2197 581 2259 Oxum
600 2211 790 2278 perventum
813 2214 877 2286 est„
900 2202 973 2279 Hic,
994 2205 1068 2287 quia
1081 2147 1201 2268 limum

165 2280 473 2362 tructimundus
497 2291 644 2360 semper,
671 2277 838 2342 insalubris
865 2294 914 2344 est
941 2285 1048 2367 potui.
1086 2287 1199 2370 ltaque

202 2481 388 2502 -n——n

199 2654 298 2722 explet,
316 2659 348 2704 ut
366 2649 506 2705 conveniat
523 2666 586 2703 cum
601 2649 698 2718 Leid.‚
726 2657 753 2704 et
782 2648 900 2703 Theocr.
918 2665 1034 2720 quorum
1050 2655 1198 2710 lectionem

197 2739 252 2772 non
270 2722 438 2858 irqprobem:
458 2739 488 2771 sc
506 2721 633 2771 inimicos
651 2722 695 2783 ei,
714 2718 765 2770 scd
778 2719 844 2772 bello
863 2720 1007 2772 lacessitor
1023 2741 1050 2774 sc
1069 2725 1198 2778 inimicos

198 2789 275 2840 leostc'
308 2792 389 2841 uisse.
870 2800 873 2810 ’

263 2863 293 2920 9)
312 2859 388 2915 Frsb.
408 2866 502 2912 contra
525 2865 594 2926 optt.
613 2856 701 2908 Codd.
713 2857 1007 2929 interrogantique-
1019 2857 1096 2913 Lrid.
1117 2859 1198 2914 Voss.

184 2929 224 2981 ,2.
243 2924 387 2977 redituros
393 2945 404 2989 ,·
421 2927 490 2978 Cod.
510 2926 625 2977 Theocr.
665 2923 1003 2996 raurrdocunqua-Frsb.
1022 2926 1098 2977 addit
1115 2943 1197 2994 prae-

194 3009 254 3062 pos.
277 2993 379 3064 infide
398 3001 493 3046 contra
512 3002 581 3062 optt.
601 2943 688 3046 eodd.
708 3001 735 3044 et
751 2992 820 3044 Edd.
846 3002 924 3061 rett.;
947 3002 1090 3062 utrumque
1114 2995 1196 3062 benc,

194 3060 278 3113 modo
296 3063 407 3114 verbum
424 3065 565 3114 conlucere
581 3070 658 3112 reete
675 3078 754 3112 sensu
773 3065 872 3130 capias,
892 3081 973 3131 quem
986 3063 1117 3132 explicuit
1127 3065 1196 3114 Dra·

193 3131 276 3182 kenb.
295 3130 329 3180 ad
347 3132 403 3185 Liv.
423 3130 548 3193 XXXIX,
567 3130 618 3189 28,
644 3145 669 3180 2.
695 3144 783 3198 neque
808 3140 898 3194 tamen
924 3147 986 3182 cum
1008 3139 1102 3180 nostro
1129 3133 1196 3190 loco

193 3199 323 3268 componi
347 3199 456 3248 omnino
475 3206 566 3266 potest
582 3195 641 3252 Liv.
657 3196 751 3258 XXX,
774 3213 826 3264 20,
845 3203 878 3264 5,
894 3199 982 3264 magis
1005 3211 1093 3260 metu,
1111 3209 1197 3270 quum

182 3303 189 3311 -
216 3267 249 3319 de
276 3269 425 3318 corstr'nere.
600 3261 607 3278 ¹

184 3267 216 3336 fi
246 3305 290 3405 33)
309 3336 385 3392 Voss,
409 3350 435 3384 a.
455 3351 494 3382 cx
510 3328 679 3400 defection&
696 3332 730 3389 ul,
745 3332 907 3400 praecessit.
921 3329 1037 3382 —Frab
1055 3343 1091 3380 et
1108 3331 1196 3404 (quod

195 3417 212 3455 o
234 3413 264 3456 lt.
279 3403 374 3459 codd.
392 3403 479 3454 omitt.
498 3399 645 3450 insalubris
667 3410 799 3470 astrorum·
816 3403 925 3470 Zumpt.
941 3399 1025 3468 potui
1039 3398 1142 3469 bausit,
1161 3419 1196 3456 ex

193 3423 322 3540 Tbeucm
341 3471 429 3524 Codd.
447 3471 489 3522 Fl.
508 3467 588 3526 Leid.
602 3479 696 3538 potus.
