2688 3872
405 360 451 415 ns
472 361 595 442 casus
619 361 721 412 naen
739 363 774 428 x,
792 377 818 414 ι.
1055 369 1103 424 rsa

112 509 219 588 ¹dibria
239 505 405 576 dellebant.
449 509 585 572 Invisum
608 491 814 569 Macedonum
836 527 953 568 nomen
974 509 1141 572 avaritias
1224 537 1227 546 ’

113 593 230 654 ‘eorum
250 609 287 652 ac
310 589 409 652 libido
431 589 573 650 barbaris
594 587 728 652 fecerat.
763 588 848 648 Inter
869 608 977 649 omnes
997 601 1101 651 tamen
1126 611 1141 658 s

118 670 276 734 eminebat
296 669 444 733 Cleandri
464 669 574 741 furor,
600 667 654 753 qui
677 666 817 729 nobilem
843 668 997 748 virginem
1027 690 1102 732 con·

109 743 287 834 [stupratam
308 769 402 811 servo
427 770 484 812 suo
504 749 652 832 pellicem
673 748 816 811 dederat.
855 748 1006 830 Plerique
1028 751 1102 810 ami·
1126 765 1142 811 t

106 839 228 892 'corum
249 829 420 892 Alexandri
441 843 587 892 nontam
608 829 799 905 criminum,
820 847 901 922 quae
920 829 1023 922 palam
1045 829 1101 891 ob·

114 910 316 980 iiciebantur,
338 909 554 985 atrocitatem,
583 927 676 994 quam
704 929 888 970 memoriam
920 908 1016 969 occisi
1041 931 1101 991 per

110 989 186 1053 ¹illos
207 989 443 1063 Parmenionis,
473 992 559 1074 quod
586 989 715 1063 tacitum
741 988 897 1084 prodesse
924 987 988 1049 reis
1017 989 1101 1070 apud

112 1090 225 1154 regem
245 1081 394 1164 poterat,
418 1070 637 1145 intuebantur,
674 1070 750 1128 laeti
782 1068 934 1129 recidisse
962 1067 1040 1129 iram
1069 1071 1101 1129 in

112 1153 180 1212 irae
211 1150 387 1229 ministros,
419 1171 478 1212 nec
504 1152 599 1212 ullam
629 1148 801 1232 potentiam
827 1149 952 1209 scelere
980 1149 1102 1232 quaesi-

107 1231 187 1310 'tamt
202 1229 349 1314 cuiquam
373 1251 444 1293 esse
466 1230 655 1292 diuturnam.
685 1230 756 1290 Rex
776 1229 900 1290 covnita
922 1247 1102 1322 causapro·
1126 1247 1141 1292 7

108 1309 282 1386 nuntiavit,
304 1312 343 1372 ab
365 1311 600 1375 accusatoribus
627 1331 724 1370 unum
747 1320 780 1369 et
798 1309 809 1368 i
854 1309 1022 1369 maximum
1043 1327 1103 1370 crt-

112 1409 187 1452 men
220 1409 289 1451 esse
325 1394 553 1484 praeteritum,
590 1388 845 1473 desperationem
874 1389 981 1450 salutis
1009 1408 1101 1450 suaet

108 1473 272 1553 'nunquam
293 1489 375 1532 emm
395 1473 467 1531 talia
487 1473 637 1548 ausuros,
675 1469 730 1554 qui
758 1469 860 1551 ipsum
883 1485 925 1530 ex'
942 1469 1028 1531 India
1052 1490 1102 1531 so·

109 1549 228 1632 'epitom'
248 1561 301 1610 aut
322 1562 484 1631 optassent
509 1551 647 1625 revertI,
677 1561 731 1612 aut
752 1549 962 1612 credidissent
986 1570 1098 1611 rever·

108 1643 232 1691 surum.
268 1629 369 1725 Igitur
388 1629 447 1690 hos
472 1632 600 1714 quidem
621 1631 731 1705 uinxit,
751 1631 808 1691 DC
830 1641 935 1690 autem
956 1630 1102 1706 militum,
1124 1647 1139 1692 s

107 1713 110 1719 ’
156 1710 338 1772 isaevitrae
366 1724 478 1770 eorum
498 1710 631 1772 ministri
663 1711 808 1790 linerent,
834 1708 970 1770 interfici
997 1710 1099 1772 iussit.

107 1783 110 1794 ’
142 1790 236 1852 odem
267 1786 318 1851 dte
347 1801 487 1856 sumtum
522 1802 570 1851 est
600 1789 793 1870 'supplicium
823 1788 863 1848 de
892 1789 929 1848 iis
958 1806 1138 1928 quoquest

84 1860 192 1952 “quos
220 1881 368 1931 auctores
401 1869 592 1934 delectionis
622 1869 794 1930 Persarum
825 1867 976 1930 Craterus
1004 1891 1021 1929 a
1045 1867 1101 1927 du·

108 1957 209 2010 'xerat

109 2033 114 2078 ἷ
188 2029 283 2090 Haud
303 2029 404 2090 multo
425 2041 500 2112 post
527 2029 691 2090 Nearchus
721 2039 754 2088 ct
780 2023 997 2104 Onesicritus,
1018 2048 1138 2112 queso

109 2109 234 2192 longius
254 2109 286 2169 in
307 2110 470 2190 Oceanum
490 2110 670 2192 procedere
697 2108 842 2183 iusserat,
861 2111 1113 2190 superveniunt.v

104 2189 301 2251 Nuntiabant
333 2202 439 2251 autem
473 2188 629 2274 quaedam
661 2188 785 2265 audita,
824 2187 883 2248 alia
917 2202 1134 2272 comper-tatu

105 2272 240 2334 insulam
263 2271 345 2332 ostio
367 2271 465 2332 amnis
486 2270 662 2341 subiectam
680 2288 759 2331 auro
780 2267 949 2348 abundare,
969 2270 1097 2354 inopem

103 2366 266 2446 'equ-orum
287 2371 373 2414 esse:
397 2351 537 2434 singulos
558 2371 614 2422 eos
636 2351 674 2412 ab
697 2350 755 2426 iis,
786 2349 902 2434 quiex
925 2351 1097 2413 continenti

9 2439 19 2462 '
106 2445 254 2494 traneere
276 2433 438 2510 auderent,
459 2431 588 2516 singulis
618 2429 743 2493 talentis
765 2431 836 2496 erni.
852 2430 1001 2492 ¹Plenum
1027 2451 1138 2494 essere
1209 2425 1217 2430 ¹

105 2512 273 2572 beluarum
292 2532 395 2574 mare:
430 2525 519 2574 aestu
553 2512 692 2574 secundo
723 2531 775 2572 eas
806 2511 888 2571 ferri
913 2526 1099 2604 magnarum

103 2590 235 2672 navium
257 2611 396 2672 corpora
416 2603 604 2673 aequantes,
634 2590 717 2651 truci
744 2602 837 2650 cantu
858 2590 1027 2650 deterritas
1048 2609 1096 2649 se-

107 2669 164 2754 qui
185 2668 334 2741 classem,
364 2689 437 2729 cum
463 2690 576 2751 magno
599 2668 745 2752 aequoris
766 2667 913 2749 strepitu,
934 2671 1023 2731 velut
1042 2667 1097 2728 de-

106 2761 212 2810 'mersa
232 2748 365 2830 navigia,
385 2745 508 2806 subisse
530 2769 635 2830 aquas.
682 2750 797 2808 Cetera
818 2745 929 2808 incolis
950 2745 1136 2820 credide-1³

108 2839 195 2906 rant,
221 2828 305 2890 inter
334 2846 438 2921 quae,
464 2825 611 2888 Rubrum
630 2845 717 2888 mare
738 2848 802 2888 non
825 2847 842 2888 e
866 2827 976 2894 colore
998 2827 1094 2888 unda·

107 2908 416 3048 rum,utplqr1‹Lne
439 2906 620 2982 crederent,
641 2906 699 2968 sed
720 2905 759 2968 ab
781 2907 920 2988 Erythro
942 2928 1020 2988 rege
1043 2928 1096 2988 ap·

105 2989 238 3130 {sellariz
267 3009 337 3048 esse
385 2985 447 3048 aud
466 2987 581 3067 procul
602 3007 620 3046 a
640 2987 812 3048 continenti
834 2987 964 3047 insulam
984 2987 1130 3069 palmisrn

65 3135 68 3140 ,
123 3068 329 3153 requentibus
358 3067 528 3142 consitam,
556 3078 589 3128 et
608 3067 640 3130 in
664 3067 770 3128 medio
795 3065 868 3128 fere
889 3087 1020 3128 nemore
1043 3087 1095 3127 co·

106 3148 246 3213 lumnam
266 3147 424 3228 eminere,
437 3146 577 3228 ¹Erythri
597 3148 684 3230 regis
705 3159 961 3227 monumentum,
981 3147 1096 3210 litteris

18 3279 20 3295 t
106 3279 298 3298 *ιι-ια.-

1083 3369 1088 3401 l

173 3387 203 3448 {tl
221 3384 300 3435 Voss.
319 3398 343 3436 ι.
363 3395 472 3450 qnoque
486 3377 519 3430 de
538 3379 592 3433 tis.

160 3454 203 3517 ιι)
220 3451 295 3507 Frsb,
315 3458 409 3502 conus
427 3447 515 3502 Codd.
534 3457 601 3518 optt.
620 3448 858 3530 suagrtlosequoa.

855 3539 915 3596 tt*
993 3527 994 3532 ’
