2688 3872
207 357 256 409 ns
565 350 597 416 Q.
620 350 739 401 cusan
759 351 840 404 lacn

205 521 277 561 rum
298 509 447 578 satrapen
468 497 562 575 misit,
584 497 639 580 qui
659 497 787 558 iuberet
813 499 939 559 camelis
964 513 1057 562 cocta
1082 499 1198 562 cibaria

205 579 339 640 alle-rte:
370 579 446 637 alios
469 576 668 638 finitimarum
691 579 856 658 regionum
879 578 1062 659 praefectos
1084 581 1200 641 certio·

170 678 256 722 rores
279 658 473 718 necessitatis
494 678 569 716 suae
598 656 685 716 i'ecit.
725 660 792 718 Nec
820 671 974 718 cessatum
1002 673 1051 720 est
1072 661 1111 720 ab
1140 659 1199 718 his.

202 746 247 802 Ita
271 759 312 798 ue
334 737 417 797 fame
439 736 601 796 dumtaxat
630 735 804 798 vindicatus
834 736 992 799 exercitus
1019 740 1146 800 tandem
1168 740 1201 797 in

201 762 373 880 Cellrusiae
420 815 496 876 lines
544 815 742 896 perducitur.
802 817 950 878 Omnium
988 841 1098 880 rerum
1132 819 1199 878 sola

201 898 315 960 fertilis
342 899 432 976 regio
462 906 526 972 est,
556 896 587 954 in
616 915 677 977 qua
706 898 818 958 stativa
845 897 973 974 habuit,
1008 911 1045 958 ut
1066 911 1199 958 vexatos

167 979 314 1038 aemilites
337 977 445 1059 quiete
461 973 613 1035 firmaret.
654 975 715 1037 Hic
745 978 899 1036 Leonnati
919 977 1040 1038 litteras
1062 977 1197 1058 accepit,
1217 1015 1219 1022 ι

200 1055 379 1118 conflixisse
408 1056 512 1135 ipsum
544 1075 616 1114 cum
643 1067 716 1116 octo
745 1057 872 1117 milibus
898 1058 1042 1138 peditum
1072 1069 1105 1118 et
1131 1069 1198 1116 tre·

200 1138 298 1198 centis
319 1138 480 1218 equitibus
502 1134 689 1196 Horitarum
710 1156 869 1218 prospero
891 1151 1020 1198 ererrtu.
1069 1139 1097 1196 A
1121 1139 1201 1198 Cra-

100 1247 104 1256 *
198 1231 269 1278 tero
315 1235 422 1297 noque
453 1213 579 1272 nuntius
602 1215 698 1292 venit,
724 1215 849 1277 Ozinen
872 1227 905 1276 et
926 1218 1121 1297 Zariaspem,
1141 1238 1220 1278 no··

198 1297 278 1358 biles
328 1314 428 1368 ereas,
458 1291 674 1355 defectionem
705 1296 873 1356 molientes
902 1308 1080 1390 oppressos.
1107 1317 1192 1371 ase,

159 1377 229 1436 auin
255 1375 386 1438 vinculis
417 1392 496 1432 esse.
543 1373 733 1454 Praeposito
762 1375 858 1458 igitur
888 1377 1012 1456 regioni
1044 1375 1219 1454 sibyllis·

199 1465 351 1549 (namque
372 1454 485 1512 Menon
506 1452 690 1533 praefectus
713 1456 781 1514 eius
802 1477 907 1536 nuper
926 1456 1093 1516 interierat
1113 1475 1194 1514 mor-

158 1537 269 1610 21b0,)
296 1547 327 1594 in
357 1530 554 1592 Carmaniam
583 1533 652 1613 ipse
674 1535 841 1614 processit.
882 1537 1034 1616 Aspastes
1057 1545 1126 1596 erat
1146 1555 1193 1594 sa-

197 1627 306 1696 trapes
328 1613 439 1696 gentis,
462 1625 627 1692 suspectus
656 1634 710 1674 res
741 1635 861 1676 novare
883 1615 1039 1691 voluisse,
1067 1615 1142 1675 dum
1162 1617 1192 1674 in
1267 1626 1269 1629 ’

161 1695 282 1756 22lndia
303 1715 361 1754 rex
385 1703 477 1752 esset.
521 1691 626 1776 Quem
655 1706 893 1772 occurrentem,
928 1695 1119 1756 dissimula'a
1147 1695 1193 1754 ira

196 1774 331 1834 comiter
353 1773 532 1848 allocutus,
556 1772 631 1831 dum
656 1775 840 1854 exploraret
860 1796 942 1859 quae
966 1777 1071 1836 delata
1093 1787 1191 1853 erant,

195 1855 227 1912 in
252 1853 510 1924 eodem-honore
534 1850 653 1912 habuit.
828 1857 831 1859 ’

82 1924 92 1998 Ῐ
154 1941 194 2005 49
276 1935 355 1992 Cum
378 1931 451 1992 inde
475 1931 649 2012 praefecti,
671 1933 753 1992 sicut
770 1927 967 2014 'imperatum
989 1947 1067 2010 erat,
1092 1955 1191 2018 equo-

195 2037 267 2074 rum
287 2015 566 2094 iumentorumque
593 2011 743 2094 iugalium
771 2014 834 2074 vim
855 2015 1015 2096 ingentem
1036 2035 1075 2074 ex
1096 2015 1190 2088 omni,

195 2115 277 2176 quae
299 2095 357 2154 sub
380 2091 513 2173 imperio
536 2103 621 2165 erat,
647 2093 781 2173 regione
805 2093 976 2170 misissent,
1000 2094 1113 2176 quibus
1136 2096 1189 2154 de·

162 2185 285 2234 atterant
305 2171 541 2252 impedimenta,
561 2171 710 2230 restituit.
754 2173 851 2233 Arma
872 2195 1002 2256 quoque
1026 2175 1066 2234 ad
1085 2173 1190 2254 pristi-

146 2325 147 2330 ,
195 2275 268 2311 num
290 2252 412 2310 relecta
434 2261 507 2310 sunt
527 2249 661 2310 cultum:
690 2253 809 2333 quippe
833 2252 916 2312 haud
938 2253 1089 2334 procula
1111 2255 1189 2313 Per·

195 2331 262 2390 side
285 2328 430 2402 aberant,
452 2351 515 2401 non
540 2342 650 2422 pacata
668 2331 782 2406 modo,
812 2332 869 2393 sed
902 2335 996 2393 etiam
1024 2334 1186 2414 opulenta.

160 2411 311 2494 angitur,
337 2421 374 2468 ut
402 2431 497 2491 supra
518 2409 722 2486 dictumest,
753 2413 926 2474 aemulatus
955 2415 1057 2472 Patris
1078 2412 1187 2472 Liberi

192 2512 255 2552 non
279 2489 416 2572 gloriam¹
433 2489 556 2564 solum,
593 2509 686 2570 quam
714 2511 753 2551 ex
782 2491 842 2551 illis
865 2491 1011 2573 gentibus
1040 2493 1187 2573 deporta-

191 2583 292 2643 verat,
318 2571 374 2631 sed
396 2571 489 2631 etiam
510 2569 640 2644 samam,
668 2573 744 2634 site
763 2572 842 2631 illud
865 2573 1044 2652 triumphus
1066 2572 1127 2632 l'uit
1148 2571 1186 2630 ab

192 2671 231 2710 eo
252 2650 387 2730 primum
408 2649 587 2717 institutuS,
619 2651 685 2712 sive
715 2651 934 2712 bacchantium
961 2653 1050 2712 lusus
1078 2650 1187 2712 statuit

153 2729 316 2800 minitari,
341 2730 443 2789 animo
466 2751 564 2810 super
585 2727 754 2792 human'um
777 2731 936 2813 fastigium
959 2731 1053 2796 elato.
1075 2731 1185 2805 Visos,

189 2829 249 2948 per
279 2828 359 2948 (ppos
387 2808 449 2868 iter
477 2821 562 2885 erat,
587 2807 719 2871 fioribus
748 2813 939 2894 coronisque
961 2811 1059 2872 sterni
1082 2811 1183 2881 iubet,
1208 2847 1210 2851 ,

202 2889 286 2948 imini
310 2908 345 2949 us
369 2887 494 2948 aedium
516 2900 653 2952 crateras
677 2891 748 2952 vino
771 2891 911 2970 repletas
935 2902 966 2951 et
979 2892 1037 2952 alia
1054 2891 1184 2952 eximiae

192 3092 396 3108 '‘t-flu*

224 3210 285 3282 ¹17)
303 3216 378 3270 Frslt.
399 3220 469 3269 alios
488 3233 630 3289 quoqrre
649 3223 740 3268 contra
760 3217 799 3267 Fl.
819 3217 894 3274 Leid.
915 3219 992 3273 Voss.
1013 3234 1031 3268 r.

244 3289 285 3348 18)
305 3290 338 3336 al.
359 3285 521 3355 solnfirte‘l.

241 3355 283 3421 22)
303 3350 374 3402 Fran.
397 3372 478 3421 (staram
500 3353 624 3404 lndr'ne
641 3349 730 3421 praefi

172 3445 174 3450 ·
241 3427 290 3486 23)
309 3419 384 3476 l'rslr,
406 3428 498 3470 contra
522 3419 609 3471 codd.
630 3423 754 3489 repletos.
