2686 3876
453 370 496 434 ns'
515 383 639 462 essse
659 383 760 444 senx.
782 383 842 447 vn,
858 383 899 449 24.
1131 389 1164 446 29

163 515 205 596 ⁸et
225 533 341 598 sterilis
361 533 485 606 humus,
508 531 649 594 excussis
677 531 771 592 etiam
796 530 974 606 radicibus,
1004 529 1164 614 linquere·

172 629 233 676 tur.
258 615 349 699 Quae
370 615 397 674 si
420 614 450 672 in
471 615 557 692 ipsos
591 611 781 693 proditionis
804 623 951 674 auctores
987 613 1204 694 excogitata³⁵
1230 643 1239 674 a

157 707 299 768 essent,
334 695 415 754 iusta
447 693 528 754 ultio
560 713 649 768 esse,
670 711 733 751 non
754 692 958 766 crudelitas,¹
980 691 1186 762 videreturs.

174 795 258 836 nunc
279 773 403 854 culpam
424 775 579 848 maiorum
603 769 728 854 posteri
748 773 858 846 luere,
878 772 932 854 qui
957 793 997 834 ne
1020 773 1165 844 viderant

159 855 301 943 ⁴quidem
330 855 494 931 Miletum,
523 854 598 916 ideo
625 865 657 914 et
675 852 775 924 Xerxi
801 871 864 912 non
892 864 1064 932 potuerant
1090 875 1165 934 pro-

173 939 262 1006 dere.
404 941 406 947 ‘
567 960 570 964 ·
1186 991 1189 996 .

161 1081 165 1087 ,
251 1013 327 1076 Inde
349 1013 507 1096 processit
528 1012 570 1072 ad
591 1015 720 1074 Tanaim
741 1031 873 1074 amnem.
898 1009 971 1096 Quo
988 1011 1205 1092 perductum

174 1109 223 1158 est
246 1101 365 1156 Bessus
390 1115 453 1155 non
481 1093 603 1154 vinetus
631 1095 726 1156 modo
762 1093 819 1156 sed
847 1091 943 1154 etiam
972 1093 1065 1152 omni·
1079 1095 1165 1156 rela-

173 1187 281 1238 mento
311 1176 458 1254 corperis
485 1174 648 1255 spoliatus.
704 1175 903 1256 Spitamenes
936 1191 1011 1230 eum
1038 1176 1166 1238 tenebat

174 1251 258 1321 cello
279 1255 398 1316 inserta
420 1267 549 1332 catena,
575 1267 640 1319 tam
658 1255 802 1336 barbaris
823 1273 917 1336 quam
938 1252 1165 1318 Macedonibus

149 1349 299 1419 ,gratum
320 1337 547 1416 spectaculum.
586 1339 668 1397 Tum
698 1336 906 1417 Spitamenes,
926 1335 970 1396 Et
989 1343 1033 1410 te,
1054 1333 1201 1417 inquitet

161 1430 210 1478 ,et
232 1417 385 1490 Darium,
409 1436 502 1499 reges
523 1437 627 1490 meos,
649 1417 751 1493 ultus,
779 1413 1022 1476 interfectorem
1047 1413 1166 1496 domiui

174 1499 223 1558 sui
245 1497 377 1573 adduxi,
399 1517 437 1558 eo
460 1497 555 1558 modo
578 1509 725 1579 captum,
757 1495 845 1566 cuius
869 1495 937 1576 ipse
962 1493 1041 1556 feeit
1060 1515 1167 1560 exem·

173 1581 273 1660 plum.
315 1577 448 1658 Aperiat
479 1577 518 1638 ad
548 1577 613 1638 hoe
646 1577 863 1658 spectaculum
899 1575 1011 1636 oeulos
1037 1577 1166 1644 Darius.

158 1659 312 1720 ‚Exsistat
336 1659 375 1718 ab
398 1657 522 1732 imbris,
547 1659 602 1742 qui
624 1659 681 1718 illo
701 1657 857 1738 supplicio
879 1656 1024 1738 indignus
1045 1656 1118 1734 suit,
1134 1671 1167 1720 et

172 1741 245 1800 hoe.
258 1739 371 1800 solatio
395 1737 508 1817 dignus
530 1749 589 1804 est.
618 1738 810 1812 Alexander,
831 1735 965 1796 multum
985 1737 1201 1799 collaudatoae

172 1819 369 1898 Spitamene,
393 1835 567 1875 conversus
583 1815 628 1876 ‘ad
647 1821 794 1890 Bessum,
815 1815 924 1888 Cuius,
944 1815 1055 1895 inquit,
1076 1816 1166 1878 serae

162 1898 279 1958 -rabies
307 1895 480 1972 occupavit
515 1895 649 1954 animum
681 1907 789 1967 tuum,
824 1913 897 1952 cum
924 1913 1036 1985 regem
1064 1896 1104 1958 de
1133 1911 1167 1957 te

175 1976 296 2057 optime
317 1975 467 2034 meritum
488 1975 578 2054 prius
599 1975 738 2047 vincire,
770 1972 885 2034 deinde
907 1971 1054 2034 occidere
1076 1977 1168 2037 susti-

163 2057 293 2120 nuisti?
318 2053 382 2119 Sed
404 2053 497 2114 huius
563 2055 683 2118 rrieidii
698 2053 881 2114 mercedem
901 2051 983 2113 {also
1003 2054 1089 2136 regis
1111 2077 1168 2117 ne-

175 2139 257 2198 mine
279 2135 474 2218 persolvisti.
515 2139 528 2196 l
552 2137 562 2196 i
584 2136 658 2214 ille,
678 2136 799 2198 lacinus
820 2153 960 2215 purgare
980 2155 1043 2196 nen
1064 2152 1208 2213 assuens

174 2219 260 2301 regis
282 2217 410 2278 titulum
433 2237 467 2276 se
488 2239 643 2298 usurpare
666 2217 755 2291 dixit,
777 2225 814 2276 ut
838 2225 966 2294 gentem
990 2235 1078 2276 suam
1105 2229 1168 2280 tra·
1235 2279 1244 2310 ι

174 2307 252 2360 dere
276 2299 335 2380 ipsi
356 2297 473 2379 possit:
490 2299 544 2382 qui
565 2300 591 2360 si
613 2308 777 2372 cessasset,
798 2294 892 2355 alium
913 2293 1013 2356 fuisse
1034 2318 1168 2378 regnum

173 2393 433 2461 occupaturum..
453 2380 494 2438 Et
513 2379 696 2442 Alexander
716 2375 891 2453 Oxathrem
911 2373 1046 2440 fratrem
1067 2379 1169 2452 Darii,
1181 2397 1210 2437 m

173 2482 271 2544 quem
293 2462 378 2522 inter
398 2460 545 2540 corporis
571 2461 718 2523 custodes
739 2455 897 2531 habebat,
924 2458 1059 2538 propius
1080 2459 1169 2522 iussit

175 2541 349 2618 accedere,
373 2540 522 2622 tradique
543 2543 678 2602 Bessum
700 2541 746 2614 ci,
776 2550 812 2599 ut
839 2536 928 2596 cruci
949 2536 1079 2598 allisum
1100 2561 1169 2601 mu-

165 2621 270 2680 ‚tilatis
294 2619 423 2680 auribus
445 2621 640 2703 naribusque
664 2619 785 2702 sagittis
815 2615 1011 2698 configerent
1031 2619 1170 2692 barbari,

134 2763 137 2768 ¹
178 2713 442 2782 asservarentque
464 2721 611 2780 corpus,
638 2715 735 2764 utne
757 2718 831 2759 aves
855 2695 984 2778 quidem
1009 2699 1170 2778 continge-

176 2790 257 2838 rent.
290 2779 448 2842 Oxathres
470 2793 578 2846 eetera
600 2784 659 2844 sibi
678 2799 775 2850 curae
795 2777 867 2836 fore
888 2773 1073 2853 pollicetur:
1095 2795 1207 2844 avesnt

178 2879 241 2919 non
263 2858 301 2918 ab
324 2858 397 2934 alio,
418 2881 512 2940 quam
535 2879 553 2918 a
574 2862 710 2941 Catene,
733 2876 828 2942 posse
855 2851 1022 2936 prohiheri
1049 2857 1166 2938 adiicit,
1241 2889 1244 2898 ·

202 2993 365 3007 m—

223 3084 269 3143 35)
286 3082 307 3130 F
310 3081 364 3136 rslr,
384 3083 452 3136 ndeo
471 3085 570 3140 Xerxi.

165 3185 168 3190 ,
226 3149 270 3217 36)
291 3151 367 3228 Yttss·
388 3162 412 3208 1.
431 3161 455 3208 2.
473 3155 505 3204 D.
526 3171 587 3206 cum
603 3156 673 3208 Edd.
703 3166 766 3208 vett.
780 3157 944 3227 productus.
977 3187 1010 3200 -
1045 3159 1122 3212 Voss.
1142 3173 1167 3212 a.

175 3227 274 3286 transp.
293 3233 395 3272 trasei-to
414 3222 484 3274 eollo
501 3233 606 3274 eatena.

228 3287 272 3352 39)
292 3287 375 3354 Lugd.
396 3292 486 3344 Amst.
502 3304 602 3358 posset,
620 3263 737 3345 Theocr.
762 3295 884 3347 traderet
903 3298 1001 3348 omisso
1020 3305 1122 3363 posset.
1136 3320 1168 3332 -

176 3353 311 3416 Schmied.
332 3375 364 3408 ex
381 3360 453 3414 fied.
473 3359 590 3414 Theocr.
608 3381 768 3432 usurpasse.
794 3407 797 3414 ,

226 3421 260 3486 do
288 3425 364 3474 Frsh.
383 3439 417 3476 at
433 3429 510 3478 Alex.
577 3475 579 3480 .

227 3490 256 3554 dr
292 3493 324 3550 ab
345 3495 397 3550 atto
417 3498 512 3550 melius
530 3499 605 3550 Mod.
626 3499 709 3573 Amst.
720 3469 812 3568 lugd.
832 3505 867 3553 al.
1017 3566 1024 3590 Ι
