2686 3876
48 3521 50 3526 ,
132 3457 231 3508 amicos
250 3457 368 3509 inserunt
389 3453 496 3514 deinde.

430 361 474 412 DE
496 357 621 412 GESTlS
640 359 739 412 etex.
756 358 813 426 Vll,
831 359 878 431 30.Ι
1116 369 1149 420 to

151 511 268 570 Bactra
288 517 370 588 sunt,
392 506 528 590 stringit.
557 505 811 589 Habitantquae
832 504 1047 588 Septentrioni
1070 529 1144 590 pro-

153 589 246 670 piora
267 601 360 668 sunt,
381 587 562 670 profundae
582 587 656 648 inde
678 587 788 662 silvae,
807 589 1146 670 vastaeqnesolitudi-

150 689 208 730 nes
230 668 408 749 excipiuntt
428 687 539 728 rursus
562 687 644 751 quae
666 677 699 726 et
723 665 850 726 Tanaim
877 679 910 727 et
937 670 1053 730 Bactra
1074 692 1145 752 spe·

152 759 237 810 etant
262 747 400 810 humano
428 747 518 818 cultu
546 745 631 808 haud
652 745 789 826 disparia
809 757 890 810 sunt.
926 748 1053 810 Primus
1075 770 1146 814 cum
1170 770 1184 816 5

149 827 209 890 bac
230 839 325 910 gente
346 850 410 891 non
435 827 599 908 provisum
629 825 749 887 bellum
777 825 957 887 Alexander
981 841 1144 911 gesturus,

149 929 223 970 cum
244 910 276 968 in
296 918 472 990 conspectu
493 907 561 967 eius
582 906 786 989 obequitaret
805 903 916 980 hostis,
931 908 1034 971 adhue
1048 931 1145 993 aeger

148 1010 190 1050 ex
210 989 356 1065 vulnere,
377 987 551 1069 praecipue
573 985 826 1055 vooedeliciens,
847 999 940 1068 quarn
956 1000 989 1048 et
1000 991 1144 1054 modicus

148 1069 239 1130 cibus
257 1080 289 1129 et
308 1067 442 1130 cervicis
457 1066 647 1128 extenuabat
660 1065 764 1142 dolor,
786 1065 904 1134 amicos
925 1065 955 1127 in
978 1071 1142 1136 consilium

147 1148 299 1213 advocari
320 1147 419 1212 iubet.
465 1147 622 1208 Terrebat
642 1169 714 1209 eum
735 1169 799 1210 non
820 1145 936 1232 hostis,
952 1149 1010 1208 sed
1032 1150 1142 1246 iniqui·
1167 1163 1183 1210 t

146 1239 196 1290 tas
231 1227 397 1308 temporis.
443 1227 603 1290 Bactriani
638 1227 839 1292 defecerant:
878 1223 1013 1308 Scythae
1049 1242 1144 1296 ettam

149 1307 363 1384 lacessebant:
384 1307 452 1390 ipse
472 1329 535 1370 non
556 1308 703 1370 insistere
717 1308 748 1369 in
764 1320 863 1385 terra,
876 1329 939 1370 non
956 1329 1042 1392 equo
1057 1311 1141 1384 vehi,

146 1407 212 1448 non
234 1387 370 1465 docere,
391 1411 454 1452 non
473 1389 596 1450 hortari
618 1409 693 1450 suos
715 1401 853 1470 poterat.
894 1389 974 1450 Anci
1001 1390 1035 1451 iti
1055 1393 1180 1473 peri-⁷

147 1467 222 1530 culo
243 1467 423 1550 implicitus,
444 1469 522 1532 deos
544 1490 673 1554 quoque
694 1469 849 1546 incusans,
877 1411 1084 1552 querebatur,
1105 1493 1153 1535 se·

143 1545 250 1609 iacere
269 1569 410 1632 segnem,
431 1551 521 1627 cuius
543 1551 746 1611 velocitatem
766 1569 861 1610 nemo
883 1561 973 1610 antea
990 1554 1142 1616 valuisset

143 1627 306 1711 effugere:
328 1631 381 1692 vix
402 1650 476 1690 suos
498 1629 632 1690 credere
654 1652 718 1692 non
744 1630 885 1690 simulari
912 1631 1138 1699 valetudinem.

221 1713 267 1771 lta
291 1711 347 1792 qui
367 1722 441 1794 post
461 1709 596 1770 Darium
617 1711 739 1772 victum
759 1709 875 1770 ariolos
897 1720 931 1770 et
953 1723 1039 1774 vates
1061 1718 1178 1782 con-30

141 1789 250 1850 sulere
276 1791 425 1864 desierat,
446 1809 557 1850 rursus
579 1788 619 1848 ad
640 1789 910 1870 superstitionem,
927 1788 1138 1854 ¹humanarum

62 1927 66 1941 Ι
142 1868 298 1927 mentium
317 1868 467 1942 ludibria,
489 1868 667 1942 revolutus,
690 1867 928 1948 Aristandrum,
950 1871 1001 1930 cui
1022 1872 1135 1934 eredu-

142 1947 264 2006 litatem
301 1966 389 2006 suam
415 1945 598 2012 addixerat,
633 1947 805 2028 explorare
840 1958 989 2008 eventum
1025 1972 1137 2013 rerum

143 2024 425 2091 sacriticii'siiubet.
462 2028 532 2088 Mos
555 2038 623 2088 erat
652 2027 848 2108 aruspicibus
877 2037 949 2088 exta
970 2029 1036 2091 sine
1056 2051 1136 2114 rege

139 2117 305 2188 spectare,
343 2120 376 2169 et
415 2127 497 2192 quac
535 2109 827 2188 portenderentur,
865 2105 1002 2186 referre.
1048 2113 1175 2174 lutere

138 2185 226 2250 haec'
240 2209 317 2263 rex,
353 2189 428 2251 dunt
456 2188 545 2249 libris
573 2188 972 2270 pecudumxexplorantur
1000 2203 1134 2254 eventus

140 2268 303 2330 latentium
324 2291 444 2338 rerum,
468 2269 601 2352 propius
622 2269 725 2352 ipsum
747 2269 917 2330 considere
946 2273 1063 2336 amices
1084 2273 1132 2334 iu·

136 2347 208 2426 bet,
237 2369 278 2410 ne
307 2351 510 2414 contentione
541 2350 627 2412 vocis
649 2351 829 2414 cicatricem
852 2347 1007 2414 infirmam
1029 2354 1132 2416 adbuc
1166 2413 1169 2419 ,

147 2517 326 2532 '‘C-m

136 2635 228 2693 olium.
247 2667 280 2678 -
297 2637 374 2694 Frsh.
404 2643 491 2694 omitt.
514 2647 608 2691 contra
633 2647 701 2707 optt.
727 2638 815 2694 Codd.
840 2641 979 2702 habitant,
1004 2645 1032 2688 ct
1050 2639 1130 2688 habet

135 2707 278 2771 proxima,
295 2710 385 2773 quod,
409 2721 439 2760 ut
458 2713 521 2760 lect.
547 2709 666 2774 Zumpt,
691 2706 725 2756 de
745 2710 817 2758 coni.
837 2718 891 2772 est;
913 2706 1000 2758 Codd.
1019 2705 1129 2774 propin';

136 2771 183 2822 sed
200 2789 270 2824 nunc
288 2776 364 2826 rideo
383 2778 451 2829 Cod.
471 2777 587 2826 Theocr.
607 2775 706 2826 habero
725 2773 824 2826 diserte
845 2792 897 2842 pro
917 2775 1033 2828 iona.—-
1051 2773 1128 2824 Frsb.

136 2856 206 2906 quoe
224 2839 272 2889 od
289 2840 372 2905 Ton.;
387 2847 429 2896 Fl.
448 2843 525 2896 Leid.
546 2859 680 2910 quaeque.
694 2871 725 2880 —
745 2843 812 2895 lller.
834 2841 873 2892 ab
890 2845 891 2848 ’
909 2859 1007 2892 umano
1025 2841 1109 2896 cuttu.

201 2911 229 2971 5)
248 2907 383 2961 Schmied.
402 2922 472 2964 auct.
488 2912 566 2962 Voss.
585 2925 609 2962 2.
627 2909 746 2978 primum
757 2927 767 2970 ,·
781 2909 890 2963 damnat
907 2910 1016 2962 omuino
1035 2911 1125 2978 vulga·

133 2984 186 3026 tam
222 2977 316 3031 tainus.

200 2996 225 3116 ἔ)
246 3053 315 3113 optt.
336 3043 424 3096 Codd.
440 3039 560 3097 scribunt
576 3041 762 3096 valetudinem
768 3063 779 3108 ‚·
804 3046 839 3098 ol.
861 3046 966 3102 Nolten,
986 3048 1050 3102 Lex.
1070 3049 1126 3112 Ana

132 3113 179 3168 tib.
220 3151 227 3164 .
249 3125 278 3171 18
299 3149 306 3165 .
508 3118 511 3128 “

197 3132 225 3252 dl)
245 3129 322 3233 Prin.
342 3181 435 3250 itaque
452 3195 503 3249 pro
523 3181 574 3235 ito.
601 3209 633 3219 —-
659 3189 727 3251 optt.
751 3179 838 3234 Codd.
859 3183 988 3252 gentium,
1007 3191 1034 3236 et
1053 3181 1125 3234 ludi·
1210 3238 1211 3243 ,

133 3249 201 3313 brie,
218 3253 286 3302 Mer.
304 3246 460 3304 ludibrium,
503 3279 506 3290 ·
691 3307 694 3312 Ι

194 3317 223 3388 9)
243 3323 320 3386 vulgo
338 3319 508 3388 exploratur,
532 3347 565 3358 -
598 3325 666 3388 optt.
691 3317 779 3382 Codd.
804 3335 855 3389 pro
880 3320 999 3390 propius
1023 3316 1125 3384 babent

131 3388 217 3456 prius,
237 3396 263 3440 et
281 3405 333 3456 pro
352 3387 491 3448 considere
507 3389 565 3441 Pal.
587 3395 611 3445 1.
629 3383 813 3441 considerare.
831 3417 863 3429 -
881 3397 950 3458 optt.
962 3385 1050 3440 Codd.
1061 3394 1123 3438 ante

659 3453 662 3460 r
811 3453 815 3461 ι

919 3531 1058 3598 w„
