2686 3876
209 375 244 428 aa
541 410 548 421 ,
574 362 607 430 Q.
624 363 742 415 curru
756 363 836 418 nort

176 515 333 592 gaiussiss'e
359 517 396 573 ut
422 509 572 573 convivio
594 507 774 574 excederet.
820 512 887 574 Nec
915 512 1084 597 quiequam
1111 510 1196 576 aliud

208 595 341 669 adiecit,
367 613 460 676 quam
487 590 620 652 forsitan
646 611 733 666 eum,
749 592 781 652 si
808 592 923 655 diutius
947 593 1078 654 'locutus
1097 594 1197 676 l'oret,

209 673 487 756 exprobraturum·
503 671 562 732 sibi
589 670 686 735 fuisse
716 672 809 732 vitam
824 694 863 732 ·a.
882 673 1053 756 semetipso
1074 673 1195 736 datam:

171 757 269 826 aohoo
296 754 379 816 enim
405 751 544 834 superbe
573 771 670 833 saepe
696 751 839 814 iactasse.
879 757 985 836 Atque
1013 755 1102 814 illurn
1122 774 1198 815 cun·

104 898 109 905 ,
208 847 344 898 etantem
364 831 467 902 adhuc
489 851 634 914 surgere,
658 831 713 915 qui
733 833 871 914 proximi
891 835 921 894 ei
945 834 1131 910 cubuerant,
1149 835 1197 894 in·

206 915 296 978 iactis
316 912 467 988 manibus,
493 912 653 993 iurgantes
676 925 903 996 monentesque
925 909 1120 976 conabantur
1143 914 1198 976 ab·

136 1005 140 1018 '
168 997 336 1064 inducere.
382 993 484 1054 Clitus
511 1010 583 1052 eum
604 990 858 1070 abstraheretur,
883 991 928 1054 ad
946 991 1107 1076 pristinam
1128 993 1198 1056 vio-

206 1075 333 1137 lentiam
352 1074 398 1134 ira
419 1091 548 1156 quoquc
569 1069 709 1147 adiecta,
730 1093 787 1134 suo
808 1085 944 1155 pectore
964 1073 1091 1156 tergum
1111 1075 1197 1136 illius

209 1177 279 1218 esse
300 1155 484 1228 del'ensum3
505 1171 601 1225 nunc,
621 1163 790 1235 postquam
809 1155 887 1214 tanti
906 1154 1012 1216 meriti
1021 1155 1198 1235 praeterie-

205 1239 404 1314 rittempus,
428 1233 519 1292 etiam
542 1232 725 1292 memoriam
756 1233 886 1294 invisam
914 1254 982 1296 esse
1010 1233 1196 1315 proclamat.

165 1317 301 1384 aahttali
322 1333 452 1396 quoque
474 1310 604 1372 eaedem
625 1310 815 1386 obiiciehat,
827 1325 861 1375 et
879 1313 918 1374 ad
939 1313 1081 1374 ultimum
1100 1314 1197 1392 lovis,

229 1418 302 1459 uem
324 1404 449 1476 patrem
469 1390 528 1452 sibi
551 1387 732 1452 Alexander
749 1405 922 1468 assereret,
944 1395 1106 1456 oraculum
1128 1394 1196 1454 elu-

205 1421 293 1552 dens,
315 1473 441 1535 veriora
462 1491 497 1533 se
518 1471 605 1552 regi,
625 1491 720 1554 quam
740 1483 863 1554 patrem
885 1471 968 1548 eius,
990 1473 1197 1554 respondisse

170 1557 340 1628 indicebat.
379 1554 442 1612 lam
469 1563 588 1612 tantum
615 1551 682 1612 irae
717 1565 908 1634 conceperat
938 1574 1015 1630 rex,
1045 1566 1197 1637 quantum

203 1637 256 1701 vix
279 1634 403 1697 sobrius
424 1631 513 1692 ferra
533 1631 698 1712 potuisset.
717 1629 892 1696 Enimvero
914 1634 989 1694 olim
1011 1654 1100 1694 mero
1123 1654 1194 1696 sen·

167 1717 288 1789 assibus
308 1713 411 1788 victis,
434 1732 473 1773 ex
494 1709 580 1772 lecto
607 1722 741 1792 repente
768 1713 925 1794 prosiluit.
958 1713 1101 1776 'Attoniti
1121 1714 1196 1776 ami·
1276 1733 1279 1738 ·

205 1801 245 1875 ci,
267 1817 307 1857 ne
327 1794 438 1886 positis
459 1791 676 1888 quidemsed
697 1791 825 1855 abiectis
838 1793 974 1876 poculis,
989 1806 1217 1878 consurgunt,¹

204 1880 236 1940 in
256 1886 404 1938 eventum
424 1894 484 1949 rer,
506 1870 705 1960 quamtauto
734 1874 858 1956 impetu
878 1887 1006 1936 acturus
1029 1887 1129 1950 esset,
1149 1875 1195 1936 in-

167 1959 290 2030 t5tenti.
331 1954 541 2030 Alexandrus
555 1964 645 2034 rapta
671 1955 780 2016 lancea
807 1975 847 2018 ex
869 1955 1011 2018 manibus
1035 1955 1196 2038 armigeri,

126 2077 129 2083 -
205 2039 321 2102 Clitum
341 2035 443 2096 adhuc
472 2033 583 2095 eadem
613 2032 737 2116 linguae
767 2035 1009 2116 intemperantia
1034 2035 1196 2098 l'urentem
1277 2079 1286 2088 -

203 2129 374 2202 percutere
396 2125 537 2181 conatus,
552 2135 569 2172 a
584 2113 770 2176 Ptolemaeo
793 2122 827 2178 et
847 2117 1002 2176 Perdicca
1022 2115 1193 2183 inhibetur.

130 2217 132 2220 ·
165 2199 338 2266 tabledium
368 2193 527 2274 complexi
553 2204 585 2252 et
618 2191 774 2256 obluctari
805 2206 1064 2276 perseverantem
1092 2217 1195 2256 mora·

202 2281 336 2354 bantur3
358 2272 559 2356 Lysimachus
582 2280 615 2332 et
635 2275 815 2335 Leonnatus
845 2276 939 2336 etiam
970 2276 1108 2338 lanceam
1136 2275 1192 2334 ab·

168 2361 363 2426 t7stulerant.
404 2354 462 2414 llle
483 2351 616 2414 militum
637 2349 732 2415 fidem
759 2353 939 2437 implorans,
966 2353 1195 2437 comprehendi

202 2462 237 2502 se
256 2460 273 2498 a
293 2433 446 2521 proximis
467 2430 652 2509 amicorum,
671 2435 760 2518 quod
779 2435 878 2498 Dario
894 2455 997 2519 nuper
1018 2435 1195 2510 accidisset,

203 2521 368 2592 exclamat,
390 2513 576 2596 sigmumque
596 2512 673 2574 tuba
694 2515 777 2593 dari,
805 2527 841 2577 ut
866 2517 905 2578 ad
934 2517 1054 2599 regiam
1081 2515 1193 2578 armati
1299 2543 1305 2550 ν

165 2601 341 2668 sancirent,
371 2593 470 2666 iubet.
510 2595 593 2652 Tum
619 2615 699 2658 vero
728 2593 930 2658 Ptolemaeus
961 2610 993 2660 et
1022 2597 1193 2659 Perdiccas

201 2679 332 2764 genibus
353 2673 494 2767 advoluti
516 2683 626 2750 orant,
647 2697 687 2736 ne
709 2676 740 2737 in
760 2689 821 2752 tam
851 2677 1019 2761 praecipiti
1046 2677 1092 2738 ira
1117 2697 1192 2758 per·

201 2765 559 2838 sereret,spat1urnque
585 2756 689 2834 potius
712 2758 813 2820 animo
835 2759 906 2820 det:
938 2758 1040 2820 omnia
1061 2769 1192 2838 postero

199 2840 250 2901 die
270 2839 380 2899 iustius
401 2845 634 2896 exsecuturum.
663 2835 727 2898 Sed
749 2840 872 2900 clausae
894 2849 983 2900 erant
1006 2859 1115 2914 aures,
1136 2835 1193 2900 ob·
1299 2841 1304 2846 “

165 2931 361 3002 instrepente
380 2916 437 2980 ira.
477 2916 588 2997 ltaque
609 2914 765 3003 impotens
787 2919 880 2982 animi
904 2919 1068 3004 procurrit
1090 2917 1122 2983 iu
1141 2938 1193 2980 re·

214 3089 387 3103 -r-——n-

246 3195 291 3261 41)
310 3197 394 3262 vulgo¹
406 3191 596 3248 vinolentiam·
617 3219 648 3232 -
666 3193 741 3246 Frsh.
751 3191 913 3310 tproeteriit.
1182 3237 1185 3246 ,

770 3281 776 3312 l

247 3266 291 3333 alb)
315 3265 391 3315 Voss.
413 3278 435 3319 2.
454 3263 615 3332 prosa'l1'v1't,·
633 3262 665 3314 cl'.
691 3263 746 3312 llud
780 3259 1087 3327 m.1nstitt.1‚257.n.
1143 3299 1152 3314 .
1186 3322 1190 3330 .

249 3333 294 3401 48)
309 3335 425 3402 spartium
441 3331 498 3382 siue
518 3332 607 3383 enclit.
627 3349 678 3400 que
696 3331 773 3381 Voss.
796 3337 820 3386 2.

249 3405 291 3469 49)
310 3411 378 3472 optt.
399 3399 490 3457 Codd.
513 3397 705 3476 obstrepentes.
715 3427 747 3438 ·-
764 3397 839 3450 Frsh.
862 3405 956 3450 contra
974 3394 1086 3450 eoadem
1102 3396 1191 3466 Codd.

197 3474 344 3541 parcen-rit.
362 3468 484 3521 -idem
504 3465 549 3522 its.
