2686 3876
407 381 453 433 oe
470 381 594 434 osseis
613 382 710 432 snex
733 383 791 447 vn,
815 399 854 448 19.
1087 389 1122 442 aa

132 530 282 591 Ariorum
304 533 441 592 Coranus
463 543 496 591 et
526 529 674 611 Erigyius
694 541 876 610 gesserant,
904 529 1122 611 perferuntur.

43 626 46 631 ’
130 611 339 672 Commissum
360 624 429 672 erat
455 609 616 692 proelium
635 609 721 668 iuter
742 610 932 672 Macedones
952 611 1159 695 Ariosqumaa

128 690 308 772 'l'ranst'uga
338 691 556 752 Satibarzanes
591 685 736 749 barbaris
765 702 930 780 praeerat:
966 691 1022 773 qui
1050 711 1124 753 oum

127 791 267 865 pugnam
287 781 417 854 segnem
438 772 599 852 utrimque
615 768 726 850 aequis
742 767 862 828 viribus
880 782 965 832 stare
980 771 1123 850 vidisset,

128 873 159 910 m
181 851 301 930 primos
323 851 451 912 ordines
480 848 693 932 adequitavit,
720 849 891 929 demtaqne
915 853 1023 931 galee,
1043 851 1122 913 inbi-

128 931 204 992 bitis
226 930 280 1012 qui
301 931 363 992 tela
387 932 553 998 iaciebant,
576 930 602 988 si
618 929 690 1070 guis
712 927 826 990 viritim
841 929 991 994 dimicare
1012 933 1122 1002 vellet,

128 1011 321 1152 Erovocavit
344 1011 383 1070 ad
408 1031 557 1092 pugnam,
576 1030 618 1068 nu
642 1031 694 1068 um
716 1031 750 1070 se
771 1019 867 1088 caput
892 1009 923 1069 in
950 1013 1122 1074 certamine

153 1091 324 1154 abiturum.
346 1093 416 1150 Non
437 1091 510 1152 tulit
530 1090 684 1150 ferociam
708 1089 835 1150 barbari
857 1089 945 1150 ducis
967 1093 1044 1174 Erig
1064 1085 1166 1169 ius,aa¹

60 1184 61 1188 ’
131 1173 240 1254 gravis
262 1170 392 1252 quidem
413 1183 526 1246 aetate,
547 1170 653 1232 sedet
673 1171 765 1232 animi
787 1181 819 1230 et
840 1171 988 1252 corporis
1001 1115 1122 1234 robore

130 1251 210 1314 nulli
233 1249 382 1311 iuvenum
403 1251 642 1346 postferendos.
677 1251 817 1333 legales
844 1249 949 1312 demta
978 1251 1124 1312 canitiem

132 1341 311 1406 ostentans,
332 1333 444 1410 Venit,
465 1333 579 1416 inquit,
601 1331 686 1407 dies,
720 1352 784 1413 quo
807 1343 861 1392 aut
890 1331 1042 1406 victoria,
1071 1343 1125 1392 aut

132 1423 239 1472 morte
264 1409 501 1486 honestissima,
530 1414 640 1496 quales
661 1413 778 1472 amicos
799 1425 833 1472 et
853 1413 969 1473 milites
990 1411 1125 1473 Alexan·

134 1491 194 1550 der
213 1485 340 1568 habeat,
363 1495 536 1556 ostendam.
576 1496 644 1552 Nee
670 1492 763 1573 plura
785 1492 931 1552 elocutus
955 1513 1074 1576 equum
1094 1493 1164 1558 inas

133 1570 257 1630 hostem
277 1573 351 1655 egit.
395 1574 552 1648 Crederes
573 1575 778 1652 imperatum,
808 1585 843 1632 ut
863 1574 946 1634 acies
966 1585 1123 1657 utraeque

134 1651 197 1712 tela
210 1651 406 1715 cohiberent.
432 1654 582 1715 Protinus
597 1665 687 1714 certe
703 1665 914 1725 recesserunt,
929 1653 1003 1714 dato
1018 1655 1123 1716 libero

48 1759 54 1771 =
134 1733 247 1812 spatio,
267 1733 379 1794 intenti
397 1733 429 1792 in
452 1744 602 1794 eventum
618 1754 681 1792 non
695 1733 833 1792 duorum
847 1732 943 1794 modo
958 1734 1124 1794 sedetiam

135 1832 210 1870 snae
234 1813 341 1889 sortis,
362 1812 482 1894 quippe
504 1813 640 1870 alienum
661 1812 830 1870 discrimen
851 1814 1005 1872 secuturi.
1029 1815 1161 1878 Priores

135 1890 288 1949 barbarus
314 1893 417 1951 emisit
437 1891 568 1963 hastam,
589 1909 684 1972 quam
703 1889 851 1968 Erigyius
870 1890 995 1950 modica
1016 1891 1127 1973 capitis
1168 1931 1172 1942 ·

136 1969 346 2032 declinatione
369 1971 487 2047 vitavit,
508 1981 601 2052 atque
622 1969 690 2049 ipse
706 1969 852 2030 infestam
866 1969 1020 2044 sarissam,
1041 1993 1126 2052 equo

138 2049 311 2110 calcaribus
333 2051 471 2120 concito,
492 2050 524 2108 in
544 2049 649 2111 medio
678 2047 805 2109 barbari
831 2061 962 2130 gutture
985 2049 1028 2110 ita
1049 2050 1127 2126 lixit,

136 2142 173 2190 ut
192 2150 253 2210 per
274 2133 433 2192 cervicem
454 2131 617 2191 emineret.
646 2129 878 2190 P1·aeci›itatus
899 2150 938 2191 ex
952 2152 1037 2214 equo
1057 2131 1166 2200 bar-37
1256 2181 1265 2190 .

135 2211 230 2270 barus
252 2211 354 2272 adhue
374 2225 478 2273 tamen
499 2211 707 2294 repugnabat.
752 2151 817 2270 iad
838 2212 892 2272 ille
915 2223 1087 2272 extractam
1108 2233 1127 2274 e
1166 2247 1170 2256 ·

137 2292 270 2354 vulnere
283 2292 403 2354 hastam
421 2313 531 2352 rursus
553 2293 584 2351 in
605 2314 640 2354 os
654 2291 770 2374 dirigit.
793 2291 1013 2364 Satibarzanes
1034 2315 1127 2354 manu

137 2373 332 2454 complexus,
352 2395 418 2456 quo
442 2373 596 2434 maturius
616 2373 776 2448 interiret,
803 2373 899 2432 ictum
920 2372 1020 2434 bostis
1040 2373 1127 2434 adiu·
1164 2407 1170 2445 ;

135 2465 192 2516 ent.
231 2455 273 2512 Et
293 2454 430 2524 barbari,
455 2454 536 2514 duee
557 2453 681 2528 amisso,
703 2473 799 2536 quem
819 2453 919 2535 magis
940 2455 1163 2519 necessitateas

137 2535 230 2614 titiam
252 2547 366 2616 sponte
389 2535 491 2595 secuti
512 2545 613 2605 erant,
635 2546 710 2593 tunc
728 2533 812 2594 haud
837 2533 1038 2594 immemores
1062 2555 1128 2594 me·

138 2613 275 2674 ritorum
303 2615 490 2694 Alexandri,
527 2633 613 2674 arma
638 2613 768 2695 Erigyio
796 2615 937 2680 tradunt.
980 2616 1051 2674 Rex
1079 2613 1169 2678 bisse

134 2792 330 2818 ἢ--ι-ι-

189 2933 237 2996 33)
256 2932 334 2982 Voss.
354 2949 377 2982 a.
395 2943 495 3001 transp.
517 2952 621 3000 segnem
638 2952 768 3002 pugnam.
1119 2971 1122 2978 »

190 2997 237 3066 34)
258 2999 345 3050 Codd.
361 3000 422 3050 'dua-
441 3004 516 3052 illius
534 3006 670 3052 ascraeus
688 3002 785 3066 gravis
794 3019 804 3060 ,·
821 3003 882 3051 lect.
896 3002 1001 3070 Zumpt.
1012 3000 1045 3052 de
1056 3005 1128 3054 coni.

140 3081 179 3125 est
199 3078 226 3123 et
244 3068 351 3118 videtur
368 3071 493 3136 Zumptio
512 3072 617 3134 deberi;
642 3071 721 3134 vulgo
744 3073 808 3120 item
834 3069 866 3120 de
886 3072 957 3125 roni.
974 3069 1035 3120 dux
1052 3090 1129 3122 exer·

140 3133 370 3205 eititsErtgyius,
390 3137 479 3188 etita
499 3139 605 3206 quidem
625 3135 710 3202 Frsb.;
735 3137 851 3191 Theocr.
881 3143 987 3190 (retritis.
1015 3168 1047 3178 -
1080 3157 1129 3208 pro

140 3206 348 3274 nulli-postponi.
368 3206 444 3258 Voss.
463 3223 487 3261 e.
506 3207 578 3258 nulli
591 3225 646 3257 non
662 3205 866 3275 praeferendus.

194 3279 239 3336 db]
255 3273 332 3327 Frsh.
350 3287 385 3324 at
404 3277 468 3345 ipse.

181 3339 233 3411 v37)
251 3346 370 3412 prateriis.
392 3362 462 3415 equo
481 3345 539 3394 sine
564 3321 698 3396 ex'Voss.
717 3360 741 3394 o.
768 3373 799 3384 —
817 3343 892 3398 Frsb.
920 3341 1027 3394 bustam
1056 3339 1130 3399 addit
1175 3361 1179 3367 ·

54 3423 57 3427 '
141 3421 203 3466 ante
222 3428 320 3471 ritorto,⁴
338 3415 366 3462 F.
385 3421 484 3480 transp.
506 3430 588 3462 marm
607 3412 724 3462 hastam.

112 3541 115 3544 Ι
192 3480 236 3547 38)
261 3481 315 3568 Pal.
334 3484 421 3534 secuti
438 3492 607 3543 transerunt,
626 3480 709 3560 (sared.
