2688 3872
181 379 249 432 ea
539 372 571 436 Q.
592 367 708 421 conru
727 369 804 418 surr
856 377 860 382 ·

136 513 265 602 'aoQuid
287 529 392 577 autem
413 517 555 593 interest,
578 514 712 577 totidem
735 515 804 589 siut,
827 525 906 596 quot
920 515 1028 575 Porus
1050 515 1169 589 habuit,

178 621 215 656 au
238 598 296 655 tria
319 593 424 654 milia?
457 617 529 656 cum
557 617 620 654 uno
644 605 698 653 aut
713 593 820 652 altero
843 593 1016 653 vulneratis
1043 607 1169 656 ceteros

178 680 208 736 in
232 677 340 757 l'ugam
363 675 515 734 declinari
538 675 710 734 rideamus.
752 673 877 732 Deinde
899 693 1018 752 paucos
1041 695 1170 766 quoque

75 786 79 795 ·
142 753 378 816 ariuco‘mmode
398 767 532 835 regunt:
564 763 756 834 congregata
778 771 856 812 vcro
879 763 929 811 tot
951 753 1034 810 milia
1056 775 1122 832 ipsa
1136 775 1170 813 se

178 834 317 904 elidunt,
349 833 406 892 uhi
427 853 487 892 nec
509 845 593 892 stare
615 851 673 893 nec
695 831 810 910 sugere
831 832 996 911 potuerint
1016 831 1170 893 inhabiles

178 925 344 974 vastorum
370 931 545 992 corporum
566 911 676 973 moles.
699 909 859 990 Equidem
885 911 928 970 sic
950 910 1093 972 animalia
1113 914 1171 972 ista

178 992 344 1066 contemsi,
367 1002 413 1063 ut,
439 1013 510 1051 cum
532 990 694 1064 haberem,
716 989 783 1068 ipse
801 1010 861 1048 non
885 991 1101 1070 opposuerim,
1123 1011 1171 1050 sa-

177 1071 217 1130 tis
240 1091 374 1152 gnarus,
400 1071 471 1150 plus
493 1071 574 1145 suis,
596 1090 690 1150 quam
714 1067 858 1126 hostibus
880 1069 1015 1148 periculi
1037 1069 1173 1132 inlerre.

140 1151 218 1211 aaut
243 1150 326 1210 enim
354 1151 497 1231 equitum
525 1149 735 1228 peditumque
759 1147 929 1208 multitudo
952 1159 1171 1210 vos‘commoss

179 1229 247 1289 'vetl
291 1231 369 1289 Cum
397 1229 503 1308 paucis
535 1229 616 1288 enim
647 1247 789 1306 pugnare
812 1227 898 1286 soliti
918 1227 1011 1304 estis,
1037 1241 1070 1288 et
1089 1247 1172 1288 nunc

146 1307 315 1388 23primum
337 1307 526 1368 inconditam
552 1306 742 1388 sustinebitis
764 1305 901 1370 turbam.
934 1307 1037 1366 'Pestis
1060 1307 1172 1366 adver·

138 1399 142 1408 '
179 1407 232 1445 sus
260 1386 494 1446 multitudinem
525 1385 634 1444 invicti
660 1386 871 1445 Macedonum
899 1385 1027 1444 roboris
1062 1387 1172 1446 Grani·-

179 1477 235 1524 cus
268 1465 382 1538 amnis,
410 1477 442 1524 et
470 1465 578 1525 Cilicia
605 1463 753 1524 inundata
784 1484 899 1524 cruore
926 1467 1114 1541 Persarum,
1140 1477 1173 1526 et

184 1543 315 1610 Arbela,
334 1545 423 1604 cuius
433 1545 535 1624 campi
557 1543 758 1603 devictorum
780 1565 796 1602 a
818 1543 909 1604 nobis
936 1543 1060 1603 ossibus
1083 1545 1172 1604 strati

146 1634 262 1686 assunt.
297 1621 378 1682 Sero
395 1623 533 1684 hostium
554 1624 584 1683 le
608 1623 695 1682 iones
718 1643 885 1682 numerare
907 1623 1065 1702 coepistis,
1086 1637 1173 1704 post-

127 1755 134 1765 .
183 1721 277 1782 quam
298 1702 499 1762 solitudinem
528 1704 559 1761 in
582 1645 656 1761 alsia
676 1701 832 1762 ‘vincendo
855 1701 983 1765 fecistis.
1012 1705 1091 1762 Cum
1113 1723 1173 1783 per

180 1781 424 1859 Hellespontum
446 1783 682 1864 navigaremus,
713 1780 753 1840 de
774 1781 934 1861 paucitate
955 1793 1063 1841 nostra
1088 1783 1174 1862 cogi-

180 1858 309 1918 tandum
332 1861 413 1920 fuit:
442 1881 524 1920 ntrnc
554 1881 612 1922 nos
640 1859 774 1939 Scythae
796 1871 988 1952 sequuntur,
1009 1861 1174 1920 Bactriana

161 1939 295 2016 *auxilia
315 1952 549 2019 praestosunt,
570 1939 679 2000 Dahae
701 1939 915 2022 Sogdianrquc
935 1939 1018 2000 inter
1039 1961 1095 2000 uos
1117 1939 1174 1998 miss

180 2017 282 2082 litant.

143 2103 180 2162 10
261 2099 328 2156 Nec
350 2098 520 2156 tamen'illi
541 2098 655 2158 turbae
685 2096 822 2158 confido.
845 2097 975 2158 Vestras
997 2118 1105 2156 manus
1129 2097 1173 2156 in·

181 2189 293 2248 tueor,
316 2187 453 2234 vestram
481 2178 633 2237 virtutem
655 2197 779 2250 rerum,
813 2194 898 2266 quas·
915 2187 1062 2258 gesturus
1093 2197 1173 2250 sum,
1213 2212 1215 2224 ·

140 2259 143 2267 ’
181 2253 294 2313 vadem
317 2254 533 2336 praedemque
553 2256 669 2318 habeo.
694 2253 854 2332 Quamdiu
867 2255 1032 2316 vobiscum
1054 2255 1085 2314 in
1107 2256 1174 2314 acic
1247 2287 1251 2294 ,

181 2333 289 2406 stabo,
314 2350 373 2390 neo
403 2334 464 2392 mei
492 2355 550 2394 nec
577 2333 715 2392 hostium
743 2333 902 2393 exercitus
932 2354 1085 2396 numero:
1115 2353 1173 2395 vos

181 2411 277 2471 ruodo
310 2409 426 2472 animos
459 2413 534 2471 mihi
562 2414 674 2493 plenos
703 2413 872 2472 alacritatis
902 2433 937 2473 ac
965 2411 1100 2473 fiduciae
1122 2414 1174 2472 ad-

144 2491 296 2549 cohibete.
323 2491 393 2548 Non
408 2493 439 2551 in
461 2491 568 2553 limine
592 2512 724 2572 operum
748 2491 958 2575 laborumque
980 2505 1174 2564 nostrorum,

182 2567 289 2628 sedin
312 2570 398 2628 exitu
427 2583 557 2632 stamus:
590 2573 794 2664 pervenimus
827 2572 866 2630 ad
896 2573 970 2630 solis
1007 2583 1113 2630 ortum
1142 2581 1174 2629 et

183 2648 358 2734 Oceamun,
380 2653 438 2712 nisi
462 2652 727 2734 obstat1gnat1a:
756 2650 829 2711 inde
858 2651 1014 2727 victores,
1057 2649 1174 2730 perdo·

756 2749 769 2775 2
991 2762 993 2766 .

188 2817 363 2830 ...ψ-*-

233 2911 276 2976 so)
296 2913 371 2962 Frsh.
401 2923 495 2966 contra
523 2915 610 2966 Codd.
642 2923 708 2979 optt.
733 2913 885 2977 declicare5
917 2913 1065 2978 passivum,
1100 2905 1174 2964 cuius

181 2981 332 3045 exemplum
351 2981 415 3031 milri
435 2999 488 3031 nou
508 2985 649 3045 succurrit,
668 2981 822 3032 defenditur
841 2998 889 3028 usu
911 2989 1062 3047 poctarum,
1082 2985 1126 3045 qui
1150 2999 1173 3032 v.

182 3047 322 3096 declinare
341 3067 400 3099 cum
419 3053 569 3100 accusativo
590 3051 689 3100 obiecti
710 3051 893 3114 coniungunt3
927 3049 961 3098 cl.
983 3049 1067 3098 Plnut.
1084 3049 1174 3096 Aulul.

177 3115 226 3230 13⁷,
246 3124 313 3166 extr.
331 3118 406 3180 Virg.
435 3116 547 3169 Aeneid.
568 3120 616 3182 tv,
639 3120 691 3170 1³5.
720 3140 753 3154 -
787 3125 943 3184 quoquest
961 3117 1083 3164 iucomm.
1105 3122 1174 3181 optt.

206 3182 272 3231 odd.

231 3256 275 3306 253]
295 3267 395 3299 cruore
413 3260 450 3300 est
470 3250 504 3302 de
520 3254 591 3305 coni,
613 3249 703 3301 nescio
723 3250 919 3314 carium-Codd.
930 3249 1057 3318 fervore.

231 3317 276 3376 25)
294 3335 365 3364 ineos
385 3327 423 3366 est
443 3317 475 3382 ilc
496 3321 576 3380 coni,
597 3319 684 3372 Codd.
706 3320 764 3366 nari.
788 3349 819 3356 -
860 3335 1035 3367 numeravere
1054 3316 1116 3368 ilem
1136 3326 1177 3368 est

182 3385 216 3432 de
234 3379 314 3500 pini&
332 3383 420 3437 Codd.
435 3393 561 3445 'tatamerm
579 3385 652 3434 Mod.
672 3387 715 3434 all.
735 3385 887 3434 meminero.
900 3415 930 3422 -
942 3383 1019 3434 Voss.
1037 3387 1063 3439 2.
1076 3392 1175 3450 transp.

181 3469 262 3501 ιηοιο
287 3467 346 3500 nos.
1152 3483 1157 3486 ,.
