2686 3876
128 3473 145 3516 ae'

211 361 246 416 se
579 360 613 430 o.
637 358 756 413 cuurii
775 359 854 410 nori

209 507 280 565 ortu
299 504 428 568 licentia
451 526 467 564 a
490 505 610 584 paucis,
629 517 668 564 ut
692 506 763 566 fere
784 504 828 576 sit,
850 507 881 566 in
895 508 1004 567 omues
1026 529 1061 570 se
1081 507 1220 589 reperite

178 587 381 666 17vulgssset.
436 585 542 664 nippe,
559 585 648 646 volut
665 587 697 646 in
719 585 821 646 medie
836 608 925 667 pace,
948 609 1009 669 pei·
1028 589 1149 648 herbas·
1166 611 1221 672 ag·

212 677 333 746 gestam
358 686 399 726 ue
435 664 569 727 rondeui
591 679 796 746 prostravere
818 687 966 748 corpora.
1008 670 1051 728 Et
1072 687 1129 728 rex
1152 668 1221 730 sor-

212 747 323 807 tuitani
336 687 494 805 laetitiam
517 765 580 803 non
602 758 774 820 aversatus,
788 746 877 828 large
893 747 931 806 ud
948 747 1220 828 epulas'omuibus

238 826 378 901 raebitis,
402 824 598 906 perdecem
623 825 691 885 dies
712 823 831 889 Libero
854 827 942 886 Petri
971 839 1140 906 operatum
1163 827 1220 888 ha-

179 849 284 973 eluit
303 907 490 966 exercitum.
533 904 614 986 Quis
635 916 750 986 uegeq'
765 906 909 982 eximium
931 927 1061 988 quoque
1083 907 1220 986 gloriam

214 987 339 1067 saepius
361 983 509 1057 soi-tunae
531 1003 626 1065 quain
649 984 776 1065 virtutis
797 1005 866 1045 esse
890 983 1106 1045 beuelicium'?
1128 987 1221 1079 quip-

213 1086 256 1146 pe
280 1087 320 1125 ne
342 1087 359 1125 o
383 1067 518 1133 silentes
534 1062 662 1151 quidem
689 1076 723 1123 et
754 1064 874 1142 sopitos
897 1085 988 1126 mero
1011 1065 1145 1146 aggredi
1167 1089 1220 1126 ειυς

214 1167 266 1204 sus
290 1157 339 1206 est
360 1087 480 1217 bostis,
501 1143 586 1202 haud
608 1145 699 1202 secus
721 1143 941 1203 bacchantium
963 1145 1219 1227 ululantiumque

213 1225 346 1286 fremitu
368 1224 580 1305 perterritus,
602 1243 696 1306 quam
724 1223 751 1282 si
780 1223 1004 1301 proeliantium
1028 1225 1148 1284 clamor
1171 1246 1220 1285 es„

213 1313 263 1366 se't
284 1306 417 1364 auditus.
461 1302 582 1362 E'adein
612 1302 748 1362 felicitas
784 1302 822 1360 ab
854 1302 989 1364 Oceano
1016 1312 1219 1366 revertentes

212 1386 407 1446 temulentos
431 1382 702 1462 comissantesque
723 1381 811 1440 inter
829 1401 885 1439 ore
905 1381 1046 1442 hostium
1068 1384 1157 1442 texit.

172 1470 234 1546 37'
293 1463 375 1522 Hinc
398 1463 436 1521 ad
458 1461 633 1543 regionem,
655 1481 735 1554 quae
751 1460 892 1520 Daedala
913 1475 1058 1529 vocetur,
1081 1483 1218 1542 perven-

212 1555 280 1602 tum
304 1545 381 1608 ost.1
408 1533 626 1602 Deseruerant
659 1541 779 1600 incolae
806 1539 901 1599 seiles
931 1554 963 1601 et
989 1542 1020 1600 in
1051 1542 1137 1601 avius
1166 1545 1219 1603 sil-

212 1634 402 1705 vestresque
424 1634 546 1680 montes
569 1621 788 1714 confugerant.
809 1609 916 1700 'Ergo
938 1621 1073 1681 Acadira
1095 1623 1218 1700 transit,

177 1722 314 1785 20seque
342 1714 427 1763 vista
454 1713 486 1762 et
507 1701 658 1762 destitute
678 1700 883 1760 incolentium
906 1699 993 1793 luga.
1035 1703 1147 1782 ltaque
1167 1725 1216 1762 ra-

214 1783 441 1844 tionembelli
467 1782 639 1844 necessitas
667 1781 810 1842 mutavit·
855 1779 974 1839 Divisis
1006 1781 1088 1840 enim
1117 1783 1218 1862 copiis

214 1862 361 1943 pluribus
387 1863 479 1923 simul
506 1861 584 1923 locis
615 1881 698 1920 erma
729 1859 884 1932 ostendit,
919 1860 1129 1951 oppressique
1161 1853 1218 1920 utsl

214 1963 277 2001 non
292 1954 556 2024 exspectaverant
571 1942 707 2009 hostem,
723 1941 807 2002 omui
829 1939 919 1998 clade
939 1939 1112 2020 perdomiti
1132 1953 1217 2000 sunt.

176 2023 417 2096 21Ptoleinaeus
440 2023 590 2104 plurimes
619 2021 725 2090 urbes,
774 2019 955 2079 Alexander
984 2019 1134 2078 maximas
1166 2040 1226 2080 ce·-

179 2103 276 2182 22pit:
300 2123 493 2183 rursusque,
516 2121 593 2181 ques
615 2100 839 2171 distribuerat,
870 2099 977 2178 copias
1001 2098 1110 2156 iunxit.
1157 2096 1232 2157 Su-¹

214 2191 326 2260 pesato
362 2181 477 2240 deinde
514 2180 660 2257 Choaspe
690 2197 797 2249 amne,
826 2181 957 2238 Coenon
984 2177 1015 2236 in
1049 2177 1216 2238 obsidione

214 2259 303 2318 urbis
324 2259 495 2338 opulentae
530 2268 544 2330 t
546 2259 672 2316 Beiram
687 2257 810 2319 incolae
824 2261 953 2333 vocent)
974 2256 1126 2338 reliquitt
1147 2257 1217 2337 ipse

214 2337 254 2397 od
276 2340 420 2417 lllazuges
445 2338 536 2399 'veuit
559 2339 671 2415 Nuper
693 2337 970 2409 Assacauo‚,cuius
991 2356 1125 2417 reguum
1147 2340 1217 2396 l'ue'-

148 2446 149 2449 ¹
214 2427 282 2494 rat,
309 2414 495 2495 demortuo,
517 2416 649 2498 regioni
671 2415 809 2498 urbique
839 2427 988 2498 praeerat
1016 2426 1121 2482 meter
1147 2415 1216 2476 eius

219 2581 416 2595 Δι’-ιι·-

216 2696 305 2749 Codd.
326 2695 447 2746 boiiii'ues
466 2708 598 2762 serpente.
783 2707 785 2711 ·
939 2711 943 2720 ·

269 2767 310 2834 ις)
332 2765 407 2815 Fisli.
427 2775 638 2831 congestumque
656 2770 682 2812 et
702 2771 924 2830 prostraverunt.
944 2788 976 2798 -
1004 2775 1053 2825 pro
1073 2759 1215 2821 liteti'ti'nm,

214 2835 287 2903 quod
308 2833 395 2883 Codd.
427 2840 494 2898 optt.
520 2831 663 2892 exhibent,
696 2829 770 2878 Frsli.
800 2831 890 2880 nescio
913 2826 984 2876 unde
1013 2829 1160 2878 licentium.
1182 2853 1213 2870 -ψ

215 2905 294 2954 Voss.
313 2917 336 2950 u.
356 2900 527 2963 cialiter-sutus.
547 2901 625 2952 -Ρ,
648 2908 746 2963 trunsp.
766 2910 904 2964 operatum
928 2892 986 2944 tib.
1006 2895 1092 2944 Patri.

270 2969 311 3034 ιδ’)
336 2971 363 3016 l'.
384 2967 538 3033 bsiiefict'um
557 2985 614 3016 esse
633 2974 697 3014 mut.
720 2965 781 3012 ord.
801 2993 831 3002 —
857 2967 890 3013 el.
909 2962 1079 3014 eiuluuti'um.
1099 2991 1130 3000 -
1151 2961 1214 3014 Alit.

214 3039 282 3088 Mer.
302 3038 390 3090 omitt,
410 3037 514 3099 sipost
533 3052 623 3103 qiium.
635 3061 664 3070 —
684 3033 762 3082 Frsli.
781 3041 1016 3097 coinessnutesque
1026 3047 1036 3088 ‚·
1056 3029 1212 3082 estote-n,

214 3107 277 3156 Lex.
298 3104 385 3152 Anttti.
405 3120 431 3169 p.
450 3101 492 3166 42·
517 3130 547 3140 ··
572 3105 658 3170 lilurr.
687 3101 754 3150 Edd.
780 3102 904 3168 protexit
928 3097 1032 3146 omissis
1056 3099 1129 3145 inter
1162 3113 1215 3146 ortt

214 3172 342 3226 bostium.

267 3239 308 3305 iq)
326 3254 376 3306 pro
389 3248 489 3306 'oeque
508 3237 581 3305 quod
602 3253 633 3287 er
650 3235 806 3286 coniectura
824 3234 915 3284 nescio
934 3233 1008 3282 cuius
1024 3248 1080 3282 esse
1097 3229 1213 3293 videtur,

215 3311 304 3365 codd.
324 3321 417 3373 ntqtts.
882 3347 883 3352 ,

194 3389 197 3395 “
264 3372 404 3438 20)Frsh.
424 3389 485 3422 cum
509 3373 594 3436 vulgg.
624 3367 815 3436 oppressique,
849 3379 881 3418 et
902 3367 968 3436 (sui
990 3383 1079 3435 exsp.,·
1105 3368 1214 3430 Zumpt.

213 3445 290 3498 dedit
308 3444 381 3496 coni.
399 3441 549 3504 Bongursii3
568 3437 657 3492 codd.
677 3435 835 3490 stibinton.-
