2688 3872
197 365 245 418 150
447 400 451 420 ,
495 350 499 356 ·
562 345 604 425 Q.
623 358 741 411 curru
759 357 838 410 nom

158 505 293 573 arfasto.
333 502 504 588 Octoginta
528 504 612 566 milia
639 505 790 566 Indorum
818 504 850 563 in
876 522 914 564 ea
934 503 1067 586 regione
1089 520 1190 571 caesa,

196 582 376 646 Clitarchus
398 595 447 644 est
468 595 592 653 auctor,
616 587 801 665 multosque
823 583 966 664 captivos
991 582 1050 642 sub
1073 601 1191 644 corona

155 663 327 727 sevenisse.
368 664 492 723 Rursus
513 664 665 724 Musicani
686 662 889 732 defecerunt,
911 661 952 721 ad
976 681 1058 743 quos
1083 661 1191 742 oppri-

192 742 324 803 mendos
338 741 451 802 missus
469 754 517 802 est
538 742 666 819 Pithon,
688 741 743 826 qui
763 753 890 823 captum
912 740 1091 821 principem
1116 761 1191 821 gen-

192 823 232 882 tis
249 821 450 903 eundemque
467 820 657 882 defectionis
673 832 837 882 auctorem
856 820 985 896 adduxit
1007 820 1047 880 ad
1067 839 1189 902 regem.

175 903 265 991 ¹Quo
287 899 468 967 Alexander
488 901 519 958 in
541 919 672 961 crucem
694 900 840 978 sublato,
870 921 981 960 rursus
1003 919 1137 976 amnem,
1157 899 1189 958 in

176 995 255 1062 'quo
277 980 410 1040 classem
432 990 622 1060 exspectare
635 999 670 1040 se
684 980 830 1054 iusserat,
854 978 981 1059 repetit.

136 1068 184 1112 ,ιν
269 1058 394 1150 Quarto
419 1057 534 1118 deiude
555 1059 606 1120 die
627 1059 769 1120 secundo
791 1065 881 1118 amne
902 1057 1050 1138 pervenit
1071 1057 1111 1117 ad
1133 1078 1152 1119 ο
1178 1093 1190 1104 -

177 1138 316 1219 pidum,
345 1137 433 1221 quod
462 1137 494 1196 in
521 1158 655 1219 regnum
685 1149 755 1199 erat
782 1137 898 1198 Sambi.
946 1139 1057 1216 Nuper
1078 1156 1112 1196 se
1134 1079 1189 1196 ilia

189 1217 373 1293 dediderat,
416 1215 475 1277 sed
516 1217 667 1298 oppidani
701 1216 924 1278 detrectabant
958 1215 1128 1296 imperium
1156 1227 1189 1276 et

154 1297 370 1358 welauserant
397 1305 517 1376 portas.
569 1297 717 1382 Quorum
752 1297 912 1378 paucitate
941 1305 1102 1356 contemta
1130 1314 1187 1356 rex

190 1376 379 1458 quingentos
394 1374 548 1456 Agrianos
563 1377 687 1438 moenia
703 1375 812 1436 subire
826 1374 926 1449 iussit,
948 1384 980 1434 et
1001 1374 1117 1434 sensim
1137 1394 1187 1434 re-

172 1455 340 1515 cedentes
363 1455 481 1515 elicere
504 1465 593 1516 extra
614 1477 722 1516 muros
742 1454 885 1528 hostem,
906 1464 1093 1513 secuturum
1114 1473 1188 1534 pro·

148 1533 290 1607 '¹⁰lecto‚
311 1534 338 1593 si
358 1533 472 1615 fugere
495 1553 551 1594 eos
573 1535 731 1594 crederet.
778 1533 926 1616 Agriani,
947 1532 1028 1593 sicut
1051 1533 1187 1612 impera-

140 1661 143 1667 .
185 1623 254 1672 tum
275 1624 356 1688 erat.
377 1611 523 1673 lacessito
544 1611 657 1688 hoste,
690 1613 794 1676 subito
822 1625 913 1694 terga
936 1622 1082 1687 vertunt,
1104 1631 1184 1694 quos

185 1689 313 1754 barbari
341 1691 444 1752 effuse
464 1703 634 1775 sequentes
655 1693 686 1752 in
707 1693 802 1768 alios,
828 1691 912 1753 inter
939 1712 1019 1774 quos
1039 1691 1107 1770 ipse
1128 1710 1185 1750 rex

169 1781 265 1847 erat,
285 1771 437 1832 incidunt.
467 1774 635 1834 Renovato
656 1793 735 1854 ergo
756 1771 901 1854 proelio,
926 1791 964 1830 ex
982 1771 1085 1830 tribus
1106 1770 1185 1830 mili·

185 1848 247 1908 bus
268 1848 480 1912 barbarorum
503 1851 646 1911 sexcenti
667 1852 751 1913 caesi
771 1862 854 1930 sunt,
875 1851 962 1912 mille
983 1850 1076 1931 capti,
1099 1861 1184 1912 eete-

185 1928 214 1988 ri
237 1929 405 1993 moenibus
428 1930 514 1990 urbis
535 1930 657 1992 inclusi.

145 1991 204 2074 33ἱ
265 2007 331 2069 Sed
351 2029 415 2070 non
435 2021 472 2069 ut
491 2009 593 2089 prima
615 2011 723 2091 specie
735 2011 819 2074 laeta
839 2011 984 2090 victoria,
999 2011 1044 2071 ita
1065 2019 1182 2068 eventu
1285 2069 1288 2074 Δ

172 2105 324 2170 -quoque,
337 2087 416 2152 fuit:
439 2089 559 2180 quippe
580 2088 710 2150 barbari
733 2111 856 2153 veneno
876 2091 1034 2152 tinxerant
1048 2088 1181 2170 gladios.

141 2235 144 2238 ,
183 2167 294 2248 ltaque
315 2167 412 2226 saucii
433 2167 566 2226 subinde
587 2169 798 2249 exspirabant,
822 2191 882 2231 nec
903 2189 996 2230 causa
1017 2181 1082 2229 tam
1104 2177 1183 2227 stre·

182 2264 264 2304 nuae
287 2246 399 2306 mortis
427 2245 601 2326 excogitari
623 2261 753 2327 poterat
776 2273 794 2310 a
814 2247 962 2322 medicis,
987 2269 1060 2309 cum
1089 2246 1181 2306 etiam

128 2321 274 2382 esteves
300 2325 415 2409 plagae
442 2323 631 2396 insanabiles
661 2342 777 2393 essent.
819 2329 953 2390 Barbari
983 2340 1089 2388 autem
1110 2345 1181 2405 spe·

183 2415 333 2462 caverant
353 2403 514 2462 incautum
535 2414 567 2462 et
588 2409 793 2467 temerarium
816 2411 937 2490 regem*
950 2407 1052 2488 excipi
1073 2423 1179 2486 posse.

168 2481 224 2540 ΙΕι
243 2479 330 2542 sorte
361 2482 445 2542 inter
469 2482 699 2562 promtissimcs
728 2486 877 2548 dimicans
909 2489 1045 2548 intactus
1073 2503 1180 2547 evase·
1212 2507 1215 2512 ·

132 2568 238 2619 122rat.
272 2561 451 2647 Praecipue
469 2561 797 2640 Ptolemaeosslaevo
818 2566 953 2628 humero
975 2566 1091 2626 leviter
1112 2562 1180 2646 qui·

184 2637 256 2698 dem
279 2641 420 2716 saucius,
442 2641 499 2701 sed
521 2641 640 2704 maiore
672 2645 819 2730 periculo
848 2669 942 2730 quam
972 2646 1106 2706 vulnere
1134 2641 1180 2702 af·

166 2715 304 2795 iectus,
332 2721 417 2801 regis
444 2719 690 2782 sollicitudinem
721 2724 751 2784 in
785 2746 819 2786 se
847 2736 1062 2788 converterat.
1103 2725 1179 2784 San·
1262 2789 1267 2792 ,

182 2797 278 2874 g'uine
300 2800 485 2860 coniunctus
514 2809 602 2875 erat,
633 2814 666 2861 et
696 2803 827 2890 quidam
861 2805 1010 2886 Philippo
1037 2803 1179 2883 genitum

183 2895 253 2935 esse
286 2877 475 2953 credebant,
505 2889 593 2938 certe
624 2881 742 2961 pellice
771 2884 839 2944 eius
868 2895 976 2945 ortum
1004 2881 1175 2944 constabat.

183 3013 369 3032 μ

233 3085 410 3146 16i'deduxz't
427 3090 467 3142 td
485 3109 543 3158 reg.
562 3093 619 3144 Pal.
639 3109 663 3144 ι.

232 3153 270 3220 ¹7)
288 3151 364 3206 Frslr.
389 3177 445 3228 qua
462 3162 528 3210 iter
544 3163 589 3220 iu,·
612 3162 718 3233 Zumpt.
745 3174 851 3217 secutus
874 3163 975 3231 est]Fl.
997 3167 1073 3219 Leid.
1096 3170 1175 3221 Voss.

115 3231 120 3236 ’
183 3237 203 3278 ι,
222 3237 246 3274 a.
268 3231 293 3272 et
311 3223 427 3278 Theocr.
951 3242 955 3248 '

162 3311 164 3318 ⁴
230 3287 271 3354 18)
290 3291 366 3344 Frsh.
388 3301 572 3343 contraeunt.
593 3293 680 3349 Codd,
698 3297 790 3348 iussit.

230 3355 274 3421 20)
294 3360 372 3424 vrrlgo
389 3371 509 3409 avolatus.
531 3389 561 3398 —
581 3361 656 3412 Voss.
678 3380 700 3413 a.
721 3373 819 3431 transp.
837 3363 904 3415 leves
923 3371 1009 3419 etiam.

225 3430 270 3483 at)
282 3421 362 3489 forte
383 3427 565 3493 promtissime
585 3429 661 3480 Voss.
683 3447 706 3482 a.
