2686 3876
220 380 255 431 21
574 373 620 439 'Qz
639 371 756 431 CURTU
774 373 854 428 RUFI

206 533 267 598 uu
287 521 347 584 uiri
367 522 423 606 qui
442 519 655 597 defoderunt,
686 519 828 584 invenire
851 543 914 584 non
938 521 1076 606 possiuta
1106 521 1137 586 iu
1163 521 1213 590 ltin

221 603 369 665 conditae
388 602 501 683 fruges<
523 615 622 664 erant.
656 603 691 662 Iu
712 623 844 685 quarum
864 603 997 684 penuria
1017 602 1135 665 militas
1153 601 1213 664 ssu-

186 681 320 746 25viatiii
342 683 431 764 pisce
452 693 485 742 et
504 681 612 743 herbis
634 681 880 750 sustinebantur.
902 685 1031 766 lamque
1048 681 1129 744 haec
1143 684 1213 766 ipsa

222 763 367 825 alimenta
388 762 592 840 defecerant3
614 783 686 824 cum
710 763 857 840 iumenta,
878 763 994 847 quibus
1016 783 1113 824 onera
1135 785 1211 846 por-

220 843 336 918 tabant,
350 844 487 916 caedere
507 843 581 905 iussi
603 855 695 904 sunta
710 842 826 906 horum
847 863 962 922 carne,
983 843 1058 904 dum
1078 842 1110 904 in
1130 849 1211 908 Bac·

219 923 341 986 trienna
359 935 559 1005 perventura,
580 935 708 986 traxere
731 924 838 991 vitam.

183 1027 219 1085 13
297 1005 484 1066 Bactrianae
512 1017 619 1065 terrae
648 1005 814 1086 multiplex
846 1004 989 1066 etvaria
1012 1017 1132 1068 natura
1152 1019 1225 1070 carn,a

218 1083 304 1146 Alibi
320 1086 417 1146 multa
432 1085 529 1148 arbor
551 1085 674 1146 atritis
695 1085 799 1167 largos
816 1086 972 1168 mitesque
993 1085 1118 1148 fructus
1141 1087 1212 1148 alit:

218 1165 320 1225 solum
345 1164 463 1248 pingue
485 1163 591 1226 crebri
611 1164 717 1228 {cates
741 1166 861 1248 rigant3
889 1186 972 1248 quac
993 1167 1119 1230 mitiora
1139 1180 1212 1230 sunt

218 1244 380 1306 irumento
402 1255 624 1319 consuuntur,
645 1256 752 1324 cetera
774 1257 987 1308 armentorum
1014 1247 1131 1328 pabulo
1160 1269 1211 1316 ce-

180 1325 305 1392 27dunt.
347 1327 490 1408 Magnam
511 1325 626 1387 deiude
645 1338 768 1404 partem
795 1325 937 1388 eiusdem
957 1337 1065 1389 terrae
1085 1328 1211 1390 steriles

95 1419 99 1426 '
149 1457 151 1463 Α
218 1426 334 1470 arenae
353 1415 477 1466 tenent:
499 1405 802 1491 squalida‘siccitate
828 1405 919 1489 regio
950 1428 1013 1468 non
1040 1406 1211 1486 hominem,

217 1507 281 1546 non
301 1485 429 1568 frugem
451 1487 521 1548 alit:
551 1506 621 1546 cum
646 1506 724 1548 vcro
751 1489 835 1548 venti
856 1507 873 1546 a
893 1488 1028 1552 Pontico
1048 1489 1126 1548 mari
1147 1489 1212 1570 spi·

217 1577 299 1640 rant,
313 1566 464 1650 quicquid
480 1567 581 1628 sabuli
594 1566 626 1626 in
645 1567 763 1648 campis
783 1567 867 1630 iacet
887 1579 1090 1630 converrunt.
1112 1569 1210 1654 Quod

106 1687 110 1698 ·
217 1647 275 1708 ubi
294 1647 487 1708 cumulatum
507 1658 565 1718 eat,
586 1668 771 1726 magnorum
795 1647 924 1712 coliium
947 1649 1061 1729 procul
1079 1650 1209 1730 ‘species

182 1739 276 1803 areat,
298 1728 464 1810 omniaque
484 1727 609 1809 pristini
636 1727 756 1790 itineris
779 1728 913 1810 vestigia
931 1728 1099 1791 intereunt.
1151 1733 1210 1792 lta·

209 1828 283 1902 'que
312 1808 367 1891 qui
396 1819 560 1868 transeunt
587 1828 714 1888 campos
746 1809 958 1889 navigantium
985 1809 1081 1870 modo
1110 1821 1209 1870 noctu
1235 1847 1240 1858 x

219 1888 323 1950 sidera
354 1887 539 1963 observant,
582 1887 781 1974 adquorum
811 1909 936 1950 cursum
958 1889 1028 1950 iter
1057 1889 1206 1974 dirigunt,

220 1979 255 2029 et·
270 1970 509 2064 propemodum,
526 1969 642 2032 clarior
671 1981 720 2028 est
746 1969 847 2034 noctis
871 1969 998 2046 umbra,
1028 1991 1121 2052 quain
1144 1972 1208 2036 lux.

182 2050 306 2132 29Ergo
328 2050 466 2125 interdiu
487 2051 569 2113 invia
585 2061 634 2110 est
652 2051 754 2128 regio,
769 2050 842 2131 quia
856 2069 915 2110 nec
931 2049 1106 2143 vestigium,
1123 2052 1209 2134 quod

193 2167 194 2171 =
220 2141 403 2213 sequantur,
425 2129 597 2196 inveniunt,
620 2141 653 2195 et
673 2129 758 2190 nitor
774 2130 913 2190 siderum
929 2131 1062 2212 caligine
1078 2131 1209 2192 abscon·

219 2209 316 2288 citur,
360 2212 511 2270 Ceterum
532 2209 558 2269 si
578 2229 658 2291 quos
682 2208 742 2268 ille·
758 2221 888 2289 centua,
918 2210 974 2293 qui
995 2233 1014 2270 a
1035 2211 1113 2270 mari
1134 2232 1212 2272 exo·

185 2290 312 2362 aeritur,
333 2289 555 2370 deprehendit,
573 2309 668 2350 arona
690 2289 806 2350 obruit.
828 2287 893 2349 Sec]
913 2312 974 2373 qua
995 2291 1103 2352 mitior
1122 2304 1209 2352 terra

185 2420 188 2431 ,
221 2382 279 2446 est,
299 2371 408 2453 ingene
428 2369 590 2432 homiuum
614 2390 834 2453 equorumque
857 2370 1027 2432 multitudo
1057 2372 1208 2453 gignitur.

185 2451 328 2534 311taquc
349 2449 508 2518 Bactriani
528 2450 653 2532 equites
672 2451 762 2509 XXX
787 2451 871 2510 milia
892 2451 1108 2532 expleverant.
1137 2455 1206 2532 Ipsa

218 2535 344 2606 Bactra,
366 2530 504 2614 regionis
526 2531 594 2593 eius
615 2542 718 2610 caput,
741 2532 798 2591 sita
827 2543 900 2592 sunt
928 2531 987 2592 sub
1014 2544 1121 2592 monte
1148 2533 1206 2590 Pa-

217 2612 387 2693 rapamiso.
433 2613 569 2672 Bactrus
597 2611 692 2676 aurcis
719 2611 874 2693 praeterit
901 2611 1035 2676 moenia.
1076 2615 1105 2673 Is
1131 2609 1204 2670 urbi

204 2702 252 2764 ,et
271 2691 395 2774 regioni
415 2690 504 2755 dedit
527 2711 655 2754 nomen,
1049 2737 1058 2746 .

181 2785 218 2850 19
296 2771 357 2832 Hic
376 2771 447 2854 regi
467 2771 578 2834 stativa
603 2769 729 2832 habenti
749 2771 910 2834 nuntiatur
932 2792 970 2832 cx
993 2771 1126 2832 Graecia
1146 2773 1206 2832 Pe·

217 2853 477 2934 lopcnnesiorum
502 2856 727 2936 Laconumque
758 2851 911 2919 defectio.
956 2853 1102 2914 Nondum
1125 2851 1207 2913 enim

218 2933 293 2994 victi
319 2944 424 3007 crant,
454 2953 524 2994 cum
568 2931 825 2996 rciiciscerentur
852 2934 1006 2996 tumultus
1034 2933 1100 2993 cius
1121 2933 1208 3014 prin-

219 3014 300 3096 cipia
325 3011 507 3079 nuntiaturi.
544 2953 591 3074 Xt
622 3014 699 3074 alius
734 3033 885 3096 praesens
920 3028 1027 3087 terror
1061 3013 1207 3081 affertur,
1275 3006 1279 3019 ¹

218 3092 366 3174 Scythas,
393 3095 448 3176 qui
466 3095 549 3160 ultra
571 3095 698 3156 Tanaim
725 3113 846 3162 amnem
873 3097 997 3173 colunt,
1026 3093 1208 3168 adventare,

217 3178 319 3238 Besso
339 3172 483 3238 ferentes
505 3197 609 3260 opem.
633 3175 757 3240 Eodem
777 3185 934 3260 tempore,
956 3193 1038 3264 quae
1059 3173 1091 3234 in
1111 3183 1208 3259 gente

230 3307 404 3326 Ἣ

271 3372 318 3442 24)
335 3372 410 3424 Frsh.
427 3373 456 3422 in
473 3371 531 3425 iis,

270 3447 316 3509 27)
335 3439 508 3510 naufragam
526 3438 602 3490 Voss.
621 3456 646 3494 ι.

266 3511 309 3580 32)
326 3509 401 3564 rna,
420 3508 670 3575 Peloponnensium.
