2688 3872
413 343 458 422 os
478 354 602 424 casus
623 376 723 426 linx.
740 376 776 440 x,
796 379 837 426 aa.
1029 339 1031 346 ’
1074 383 1144 432 isa

25 552 28 561 =
52 546 54 548 ·
145 518 243 600 Quod
272 519 313 580 ad
342 537 394 578 me
424 517 553 592 attinet,
588 518 728 580 reddere
756 520 819 582 boc
854 521 1021 603 imperinm
1050 522 1185 599 melmae

145 621 239 680 quam
261 616 416 658 exercere
442 596 559 656 civium
586 598 754 677 sanguine3
781 612 813 661 et
835 599 861 659 si
883 601 966 660 nulla
988 600 1048 662 ulia
1068 621 1144 662 cen-

78 694 80 698 ’
144 678 274 738 cordiae
303 697 377 756 spes
409 687 479 750 est,
517 697 575 737 oro
605 696 807 812 puaesoque,
838 679 946 771 eligite
972 681 1141 760 potiorem.

143 756 279 818 Obortis
301 755 417 816 deinde
439 755 586 830 lacrimis,
609 755 753 816 (iadema
774 756 913 817 det-rabit
934 758 1046 836 capiti,
1069 761 1179 820 dex-20

142 847 235 912 tram,
258 857 320 918 qua
341 833 544 914 temnebat,
569 834 775 915 protendens,
804 848 851 904 ut,
874 837 899 896 si
924 837 994 918 quis
1020 857 1054 898 se
1076 839 1144 932 dig·

141 915 268 976 niorem
288 911 510 995 profiteretur,
532 914 703 994 acciperet.
731 917 894 995 Ingentem
907 935 1002 996 spem
1019 915 1181 994 indoleat

143 1005 216 1054 ante
242 1013 316 1054 eum
337 993 421 1054 diem
443 992 553 1054 fratris
572 993 716 1054 claritate
738 1013 952 1074 suppressam,
975 1013 1010 1052 ea
1035 997 1144 1057 mode·

142 1084 210 1132 rata
233 1073 381 1134 excitavit
403 1072 517 1136 oratio.
555 1076 665 1155 ltaque
691 1075 797 1132 cuncti
817 1073 935 1132 instare
957 1087 1144 1153 coeperunt,

79 1156 85 1161 “
142 1163 188 1224 ut,
210 1173 292 1234 quae
310 1151 477 1233 agitasset,
500 1153 634 1234 exsequi
655 1151 763 1212 vellet.
803 1152 942 1212 Eosdem
967 1173 1078 1211 rursus
1102 1153 1182 1212 lena

92 1293 97 1298 ,
141 1243 195 1312 gat
244 1231 390 1311 etituros,
407 1241 444 1290 ut
461 1228 659 1312 Meleagrum
672 1231 803 1290 tertium
820 1231 934 1290 ducem
951 1231 1144 1311 acciperent.-

106 1341 109 1345 v
140 1251 240 1370 Haud
265 1330 361 1392 aegre
392 1309 424 1368 id
451 1310 656 1390 impetratum
685 1322 743 1372 est.
800 1313 878 1370 Nam
916 1322 949 1376 et
984 1309 1145 1370 abducere

140 1389 340 1470 Meleagrum
363 1387 520 1448 Perdicca
545 1410 562 1448 a
585 1409 664 1470 rege
687 1389 851 1470 cupiebat,
886 1401 919 1450 et
946 1411 1043 1465 unum
1065 1389 1144 1448 duo·

140 1469 201 1528 bus
226 1467 380 1548 imparem
400 1467 547 1528 liiturum
569 1487 639 1528 esse
661 1468 819 1532 censebat.
858 1469 959 1551 Igitur
981 1468 1179 1550 Meleagron

142 1567 213 1615 eum
234 1547 348 1628 phalan
374 1567 391 1606 e
414 1545 541 1608 obviam
565 1567 713 1628 egresso,
733 1548 892 1617 Perdicca
914 1548 1056 1629 equitum
1079 1560 1146 1606 tur-

141 1646 206 1684 mas
240 1567 431 1686 antecellens
459 1627 609 1686 occurrit.
662 1627 842 1708 Utrumque
876 1647 1006 1708 agmen,
1036 1637 1145 1686 mutua

142 1705 329 1766 salutatione
350 1703 446 1780 facta,
468 1703 542 1772 coit,
566 1705 598 1762 in
619 1715 823 1784 perpetuum,
839 1717 874 1764 ut
897 1705 1145 1782 arbitrabantur,

142 1783 317 1844 concordia
339 1795 371 1843 et
392 1803 472 1864 pace
494 1779 626 1842 firmata.
1046 1831 1048 1834 .

294 1862 359 1922 Sed
380 1862 442 1922 iam
457 1861 529 1928 l'atis
548 1860 799 1934 admovebantur
820 1861 1030 1921 Macedonum
1052 1861 1186 1944 gentiiis

213 1941 297 2000 bella
319 1941 431 2001 civilia.
466 1943 545 2000 Nam
566 1951 599 2000 et
619 1939 804 2009 insociabile
826 1951 875 1998 est
896 1959 1048 2019 regnum,
1071 1952 1104 2000 et
1124 1963 1143 2002 a

141 2020 287 2104 pluribus
316 2019 538 2099 expetebatur.
580 2019 723 2078 Primum
755 2038 833 2153 erpo
863 2018 1025 2096 collegere
1048 2019 1145 2092 vires,
1170 2041 1184 2076 2

133 2100 258 2161 deinde
281 2097 519 2178 disperserunt:
556 2109 589 2156 et
619 2117 690 2156 cum
712 2096 797 2176 pluri
809 2115 856 2154 rus
884 2115 1021 2176 corpus,
1050 2117 1145 2179 quam

143 2179 307 2260 capiebat,
330 2187 534 2250 onerassent,
567 2187 675 2236 cetera
701 2175 843 2234 membra
864 2174 1006 2236 deficere
1030 2194 1145 2256 coepe·

141 2271 233 2320 runt:
277 2256 411 2338 uodque
427 2255 596 2335 imperium
618 2253 677 2314 sub
698 2275 761 2315 uno
784 2265 868 2312 stare
881 2252 1047 2334 potuisset,
1070 2254 1145 2314 dum

22 2341 23 2346 ’
111 2339 159 2398 ‘a
181 2278 325 2418 pluribus
355 2335 547 2408 sustinetur,
573 2333 651 2398 ruit.
683 2333 833 2403 ‚Proinde
864 2333 934 2391 iure
962 2331 1146 2414 meritoque
1171 2355 1184 2394 a

167 2417 281 2496 opulus
303 2417 466 2476 Romanus
490 2414 624 2474 salutem
645 2432 680 2473 se
700 2411 916 2496 principiano
934 2409 1053 2471 debere
1069 2433 1144 2492 pro·

142 2437 271 2570 btetnr,
292 2493 347 2574 qui
368 2494 486 2566 noetis,
509 2513 605 2573 quam
633 2511 734 2571 paene
762 2509 942 2568 supremam
968 2487 1145 2560 habuimus,

142 2593 261 2635 norum
281 2572 367 2632 sidus
392 2570 505 2632 illuxit.
551 2571 654 2628 Huius
675 2569 828 2640 hercule,
849 2586 912 2625 non
935 2565 1029 2634 solis,
1055 2579 1144 2632 ortus
1170 2587 1183 2628 a

143 2654 250 2714 lucem
270 2648 417 2729 caliganti
435 2645 578 2716 ¹reddidit
599 2645 735 2723 mundo,
767 2663 839 2704 cum
868 2643 935 2705 sine
960 2664 1018 2706 suo
1040 2645 1143 2728 capite

143 1897 183 1955 ix.

24 2726 29 2873 l
154 2827 340 2854 ,......-

195 2937 240 2993 21)
260 2925 476 2982 Schmled·..01¹m
495 2925 570 2976 Acid.
588 2942 638 2977 nec
656 2926 713 2976 sine
733 2937 804 2980 auct.
825 2927 914 2984 Codd.
935 2944 1103 2997 suppressae.

22 3013 23 3018 ’
110 3043 112 3047 .
203 3005 249 3058 aa)
273 2996 361 3048 Codd.
378 2995 524 3062 petiturus.

175 3087 186 3115 ·.
218 3065 243 3134 Γ)
264 3066 342 3116 Voss.
363 3077 388 3110 2.
409 3060 556 3126 expetitur.
615 3112 618 3118 Ι
797 3115 799 3120 Ι
862 3115 865 3120 Ι

63 3137 69 3146 .
212 3133 239 3201 2)
261 3147 313 3200 pro
335 3128 465 3193 collegere
482 3121 523 3176 Fl.
542 3125 619 3178 Leid.
640 3127 718 3176 Voss.
744 3131 765 3178 ιζ
793 3125 821 3172 Β.
845 3141 870 3174 a.
889 3127 972 3191 Bong.
991 3135 1018 3177 et
1038 3129 1145 3193 vestigia
1169 3159 1178 3167 -

151 3199 219 3250 Cod.
241 3201 272 3250 D.
292 3197 426 3256 colliserc,
442 3193 519 3260 ¹qnod
538 3193 667 3244 Niebuhr.
688 3193 804 3260 probat;
823 3193 858 3243 cs.
877 3208 957 3262 snpra
976 3195 1054 3243 notit.
1074 3195 1144 3245 liter.

96 3269 98 3273 ’
147 3272 180 3318 Τ.
198 3268 219 3330 l,
237 3285 263 3333 p.
282 3255 408 3315 XXXIV.
426 3269 494 3326 optt.
513 3260 601 3310 Codd.
619 3259 768 3328 capiebant.

26 3331 33 3455 p
213 3335 239 3402 3)
260 3332 334 3382 Frsh.
354 3347 395 3379 cn
404 3330 415 3375 i
431 3328 531 3387 noctis,
553 3327 671 3379 Theocr.
692 3329 771 3377 cuins
791 3329 887 3390 nocti;'
909 3326 944 3384 el.
969 3327 1047 3396 notit.
1073 3331 1145 3386 liter,

150 3406 183 3452 r.
204 3403 225 3460 ι,
244 3419 271 3467 p.
293 3398 354 3450 xn.
375 3395 498 3445 xxxiv.
519 3395 588 3444 xxi.
609 3447 622 3455 „

219 3481 334 3538 Curtius.
362 3486 408 3535 lll.
823 3480 829 3489 ’
919 3488 951 3538 13
