2686 3876
364 369 366 376 ’
398 379 442 430 DE
462 377 584 432 (tusus
603 377 706 430 Atax.
725 377 783 443 vlt,
805 383 844 434 13.
1089 381 1118 434 ll

47 486 51 599 ἔ
119 531 212 593 coelo
239 527 364 611 solique
394 526 586 593 redduntur.
628 526 779 588 Ceterum
806 523 888 586 adeo
915 524 997 586 altae
1030 525 1156 590 nivers

46 626 50 667 t
119 620 270 694 premunt
289 621 425 682 terram,
454 607 529 690 gelu
550 619 583 667 et
613 617 771 687 perpetuo
790 625 891 685 paene
912 607 1023 684 rigore
1043 625 1118 668 con·

46 678 48 689 '
118 691 260 763 strictae,
281 700 316 747 ut
335 705 376 748 ne
397 688 501 748 avium
525 687 655 771 quidem
677 685 811 745 feraeve
831 686 926 746 ullius
947 686 1117 768 vestigium

86 784 89 796 ¹
119 780 237 832 exstet.
278 766 427 828 Obscura
448 767 531 828 coeli
559 766 670 829 verius
699 762 811 824 umbra
830 785 924 845 quem
951 767 1004 826 lux
1032 765 1118 826 nocti

118 849 228 911 similis
252 846 370 930 premit
389 859 520 927 terram,
538 847 593 910 vix
613 856 649 906 ut
670 864 753 929 quae
774 863 876 927 prope
890 858 962 908 sunt
976 846 1118 929 conspici

145 929 254 993 ossint.
464 936 466 942 '

121 951 143 1012 P
183 1011 236 1068 ‘ln
256 1007 315 1069 hac
337 1019 444 1068 tamen
464 1005 565 1068 omnis
586 1005 714 1066 humani
735 1002 841 1066 cultus
865 1001 1035 1068 solitudine
1061 1005 1116 1068 de·
1122 1019 1157 1082 13

41 1144 46 1161 ,
119 1088 246 1150 stitutus
275 1087 453 1162 exercitus,
482 1085 635 1181 quicquid
655 1087 811 1146 malorum
840 1084 974 1144 tolerari
1000 1098 1118 1180 potest,

39 1216 41 1225 .
122 1170 266 1250 pertulit,
286 1167 435 1259 inopiam,
455 1164 570 1248 frigus,
591 1165 823 1238 lassitudinem,
850 1164 1117 1245 desperationem.

124 1249 243 1309 Multos
260 1246 446 1307 exanimavit
458 1247 548 1330 rigor
563 1247 708 1307 insolitus
723 1245 821 1320 nivis3
838 1245 1013 1306 multorum
1028 1246 1157 1304 adua-¹³

119 1329 163 1389 sit
190 1327 307 1408 pedes3
335 1327 546 1407 plurimorum
574 1327 674 1390 oculis
701 1325 874 1408 praecipue
902 1324 1118 1407 perniciabilis

121 1407 198 1467 fuit.
234 1406 371 1487 Fatigati
391 1406 510 1490 quippe
537 1408 569 1468 in
591 1409 663 1489 ,ipso
685 1406 761 1490 gelu
782 1404 958 1466 deficientia
979 1425 1121 1487 corpora

33 1486 37 1495 '
121 1486 324 1548 sternebant:
362 1507 443 1570 quae
472 1508 545 1548 cum
565 1487 691 1552 moveri
713 1486 885 1562 desissent,
915 1485 962 1548 vis
985 1485 1118 1570 frigoris

119 1571 164 1628 ita
185 1567 418 1648 adstringebat,
444 1580 481 1628 ut
508 1590 619 1630 rursus
643 1568 683 1628 ad
704 1565 897 1650 surgendum
919 1567 1038 1628 conniti
1053 1589 1116 1628 non

118 1660 259 1729 possent.
314 1650 341 1706 Α
377 1648 645 1710 commilitonibus
680 1658 847 1729 torpentes
883 1647 1153 1712 excitabanturzm

29 1766 32 1781 »
119 1748 226 1812 neque
240 1727 325 1788 aliud
343 1728 522 1790 remedium
544 1741 623 1802 erat,
645 1750 740 1811 quam
762 1740 798 1787 ut
816 1726 942 1808 ingredi
962 1747 1116 1810 cogeren-

27 1816 31 1825 '
120 1820 186 1871 tur.
210 1812 293 1867 'l'um
318 1808 446 1865 demum
470 1807 557 1867 vitali
580 1809 688 1869 calore
709 1819 808 1880 moto,
831 1807 982 1866 membris
1003 1808 1116 1891 aliquis

121 1883 251 1946 redibat
276 1885 380 1966 vigor.
422 1883 455 1942 Si
482 1887 537 1967 qui
562 1887 690 1968 tuguria
717 1885 927 1944 barbarorum
951 1887 1154 1968 adirem-15

122 1976 266 2038 tuerunt,
289 1963 442 2023 celeriter
461 1963 577 2025 refecti
599 1977 680 2027 sunt.
718 1963 783 2024 Sed
803 1974 889 2023 tanta
909 1965 1012 2046 caligo
1037 1979 1118 2040 erat,

123 2057 160 2105 ut
181 2043 325 2105 aedilicia
345 2044 431 2138 uullp
452 2043 511 2105 alia
527 2065 579 2106 res
592 2067 687 2140 quam
708 2043 815 2106 fumus
836 2043 1031 2109 ostenderet.
1068 2045 1157 2110 Illita

121 2147 284 2210 nunquam
306 2135 379 2185 ante
399 2124 430 2201 in
452 2126 546 2186 terris
563 2146 626 2186 suis
646 2126 767 2186 advena
787 2124 867 2200 viso,
889 2143 961 2184 cum
982 2137 1118 2190 armatos

122 2218 259 2288 repente
282 2226 357 2266 cons
382 2206 515 2283 iodrent,
536 2207 702 2267 exanimati
721 2218 820 2278 metu,
843 2204 995 2288 quicquid
1015 2206 1047 2266 in
1067 2219 1118 2268 tu·

125 2287 224 2368 guriis
247 2297 348 2348 erata
377 2282 519 2364 erebant,
542 2299 579 2346 ut
600 2287 790 2368 corporibus
811 2287 953 2369 ipsorum
966 2306 1118 2366 parcere·

120 2376 175 2426 tur
207 2377 342 2427 orantes.
384 2367 455 2426 Rex
486 2387 598 2449 agmen
625 2365 810 2430 circumibat
833 2364 949 2448 pedes,
976 2367 1151 2430 iacentem

123 2445 278 2526 quosdam
305 2443 447 2527 erigens,
475 2457 509 2508 et
528 2449 625 2525 alios,
661 2468 734 2508 cum
762 2467 859 2532 aegre
890 2459 1117 2529 sequerentur,

122 2525 312 2590 adminiculo
332 2524 494 2608 corporis
525 2528 575 2590 sui
607 2527 782 2612 excipiens.
829 2526 919 2592 Nunc
950 2526 1117 2610 adprime

128 2683 319 2706 h-Q———n

181 2859 279 2928 r1)Fl.
302 2873 400 2936 transp.
419 2869 566 2937 vestigium
585 2867 677 2922 ullius.

179 2931 223 2992 13)
247 2939 314 2998 opll·
332 2935 419 2986 Codd.
438 2939 576 2990 insolitos.
595 2963 628 2976 -
645 2939 686 2992 Ft.
704 2939 781 2994 Leid.
801 2937 879 2992 Vota.
905 2947 927 2997 l·
948 2946 973 2996 2.
992 2936 1023 2993 Ρ.
1042 2943 1073 2996 Β.
1091 2951 1115 3003 2.

20 3025 22 3064 g
124 2994 271 3065 fatigatis,
288 2999 344 3050 Pal.
356 3019 379 3058 a,
392 3002 528 3075 deficienti
544 3022 666 3074 corpore.
679 3032 710 3042 -
730 3008 1000 3062 Solimied.‘etl(okeu
1017 3013 1117 3064 reiecta

20 3069 24 3094 ¹
123 3066 227 3132 vulgate
244 3069 338 3119 locum
354 3073 392 3122 ita
411 3076 589 3124 constituunt:
606 3073 754 3124 multorum
772 3075 882 3128 adcessit
898 3078 980 3148 pedes
988 3095 1000 3140 ‚¹
1025 3080 1115 3142 pluri·

20 3177 21 3184 ,
122 3151 228 3184 morum
246 3136 353 3191 oculos.
389 3141 538 3210 Praecipue
554 3143 712 3208 pernicialis
722 3141 784 3212 suit
793 3144 948 3216 satagatis:
974 3148 1071 3218 qtu'ptpe
1088 3152 1119 3200 t'n

121 3203 181 3270 ipso
197 3205 332 3284 geltt'etc.
360 3211 387 3259 in
406 3227 460 3276 quo
479 3210 566 3266 seculi
583 3219 643 3260 sunt
661 3210 730 3268 Cod.
749 3213 875 3280 Theocr,
894 3219 939 3284 qui
962 3215 1035 3266 eolus
1054 3219 1127 3283 tegit

120 3273 287 3339 permcnrlas,
307 3273 353 3342 (cl.
365 3277 485 3330 Gronov.
495 3278 666 3329 etDrnkenb.
685 3279 899 3350 adtinxxvu,
916 3281 1005 3350 23,6.)
1020 3293 1119 3336 etcum

19 3385 21 3390 .
96 3357 102 3371 ·
123 3341 289 3407 reliquorum
303 3347 425 3412 plurimis
439 3347 535 3399 oculos
555 3353 581 3397 et
591 3345 739 3414 fatigati&
756 3354 888 3404 consentit
903 3352 1042 3404 Censorio
1054 3351 1118 3404 See-

20 3445 22 3452 .
122 3406 189 3456 bod.
199 3407 266 3458 Bibl.
285 3410 353 3467 Crit.
376 3415 449 3473 1828.
468 3433 495 3484 p·
513 3422 554 3473 to.
565 3442 597 3452 -
608 3431 659 3483 pro
669 3419 778 3472 cotsnitt'
787 3428 855 3488 optt.
872 3419 961 3477 codd.
975 3420 1119 3473 contineri.

177 3475 221 3542 tl)
241 3478 275 3528 P:
288 3486 390 3551 transp.
409 3487 502 3538 calore
519 3482 610 3538 vitali.
793 3499 796 3513 ·

160 3557 269 3620 Curtius
290 3567 335 3620 111.
637 3619 639 3623 ,
915 3579 932 3634 2
