<?xml version="1.0" encoding="UTF-8"?>
<!DOCTYPE html PUBLIC "-//W3C//DTD XHTML 1.0 Transitional//EN"
    "http://www.w3.org/TR/xhtml1/DTD/xhtml1-transitional.dtd">
<html xmlns="http://www.w3.org/1999/xhtml" xml:lang="en" lang="en">
 <head>
  <title>
</title>
<meta http-equiv="Content-Type" content="text/html;charset=utf-8" />
  <meta name='ocr-system' content='tesseract 3.04.00' />
  <meta name='ocr-capabilities' content='ocr_page ocr_carea ocr_par ocr_line ocrx_word'/>
</head>
<body>
  <div class='ocr_page' id='page_1' title='image "./degestisalexand00baumgoog_0057.png"; bbox 0 0 2686 3876; ppageno 0'>
   <div class='ocr_carea' id='block_1_1' title="bbox 437 387 1165 454">
    <p class='ocr_par' dir='ltr' id='par_1_1' title="bbox 437 387 1165 454">
     <span class='ocr_line' id='line_1_1' title="bbox 437 387 1165 454; baseline 0.001 -12"><span class='ocrx_word' id='word_1_1' title='bbox 437 389 495 444; x_wconf 75' lang='lat' dir='ltr'><strong>oe</strong></span> <span class='ocrx_word' id='word_1_2' title='bbox 516 389 641 442; x_wconf 77' lang='lat' dir='ltr'><strong>oesrls</strong></span> <span class='ocrx_word' id='word_1_3' title='bbox 659 389 767 444; x_wconf 57' lang='lat' dir='ltr'><strong>inex,</strong></span> <span class='ocrx_word' id='word_1_4' title='bbox 780 387 841 454; x_wconf 87' lang='lat' dir='ltr'><strong>vu,</strong></span> <span class='ocrx_word' id='word_1_5' title='bbox 862 390 905 449; x_wconf 83' lang='lat' dir='ltr'><strong>ao.</strong></span> <span class='ocrx_word' id='word_1_6' title='bbox 1132 387 1165 454; x_wconf 76' lang='lat' dir='ltr'><strong>tt</strong></span> 
     </span>
    </p>
   </div>
   <div class='ocr_carea' id='block_1_2' title="bbox 157 537 1255 1750">
    <p class='ocr_par' dir='ltr' id='par_1_2' title="bbox 169 537 1170 866">
     <span class='ocr_line' id='line_1_2' title="bbox 169 537 1167 623; baseline -0.004 -21"><span class='ocrx_word' id='word_1_7' title='bbox 169 562 240 604; x_wconf 80' lang='lat' dir='ltr'><strong>rum</strong></span> <span class='ocrx_word' id='word_1_8' title='bbox 275 538 431 622; x_wconf 79' lang='lat' dir='ltr'>phalange</span> <span class='ocrx_word' id='word_1_9' title='bbox 457 538 592 623; x_wconf 74' lang='lat' dir='ltr'><strong>tubequi</strong></span> <span class='ocrx_word' id='word_1_10' title='bbox 613 538 732 612; x_wconf 85' lang='lat' dir='ltr'><strong>iussus,</strong></span> <span class='ocrx_word' id='word_1_11' title='bbox 757 537 797 598; x_wconf 87' lang='lat' dir='ltr'><strong>ad</strong></span> <span class='ocrx_word' id='word_1_12' title='bbox 823 557 934 620; x_wconf 79' lang='lat' dir='ltr'><strong>regem</strong></span> <span class='ocrx_word' id='word_1_13' title='bbox 989 548 1167 602; x_wconf 82' lang='lat' dir='ltr'><strong>ervenerat.</strong></span> 
     </span>
     <span class='ocr_line' id='line_1_3' title="bbox 169 559 1169 705; baseline -0.003 -22"><span class='ocrx_word' id='word_1_14' title='bbox 169 626 281 705; x_wconf 82' lang='lat' dir='ltr'><strong>ltaque</strong></span> <span class='ocrx_word' id='word_1_15' title='bbox 301 633 337 680; x_wconf 93' lang='lat' dir='ltr'><strong>ut</strong></span> <span class='ocrx_word' id='word_1_16' title='bbox 359 637 482 696; x_wconf 76' lang='lat' dir='ltr'><strong>oroneo,</strong></span> <span class='ocrx_word' id='word_1_17' title='bbox 510 621 566 704; x_wconf 79' lang='lat' dir='ltr'><strong>qui</strong></span> <span class='ocrx_word' id='word_1_18' title='bbox 593 618 796 692; x_wconf 71' lang='lat' dir='ltr'><strong>defecerant,</strong></span> <span class='ocrx_word' id='word_1_19' title='bbox 824 619 946 699; x_wconf 77' lang='lat' dir='ltr'><strong>pariter</strong></span> <span class='ocrx_word' id='word_1_20' title='bbox 964 559 1050 680; x_wconf 66' lang='lat' dir='ltr'><strong>1iselli</strong></span> <span class='ocrx_word' id='word_1_21' title='bbox 1078 618 1169 680; x_wconf 78' lang='lat' dir='ltr'><strong>elude</strong></span> 
     </span>
     <span class='ocr_line' id='line_1_4' title="bbox 169 697 1170 785; baseline -0.002 -23"><span class='ocrx_word' id='word_1_22' title='bbox 169 712 413 785; x_wconf 84' lang='lat' dir='ltr'><strong>premerentur,</strong></span> <span class='ocrx_word' id='word_1_23' title='bbox 444 701 552 784; x_wconf 81' lang='lat' dir='ltr'><strong>copias</strong></span> <span class='ocrx_word' id='word_1_24' title='bbox 574 698 706 761; x_wconf 82' lang='lat' dir='ltr'><strong>dividit.</strong></span> <span class='ocrx_word' id='word_1_25' title='bbox 726 697 842 782; x_wconf 81' lang='lat' dir='ltr'><strong>urique</strong></span> <span class='ocrx_word' id='word_1_26' title='bbox 857 719 953 783; x_wconf 78' lang='lat' dir='ltr'><strong>agi-oo</strong></span> <span class='ocrx_word' id='word_1_27' title='bbox 975 709 1019 762; x_wconf 90' lang='lat' dir='ltr'><strong>et·</strong></span> <span class='ocrx_word' id='word_1_28' title='bbox 1029 698 1170 762; x_wconf 78' lang='lat' dir='ltr'><strong>interfici</strong></span> 
     </span>
     <span class='ocr_line' id='line_1_5' title="bbox 170 781 434 866; baseline -0.019 -22"><span class='ocrx_word' id='word_1_29' title='bbox 170 783 310 866; x_wconf 80' lang='lat' dir='ltr'><strong>puberes</strong></span> <span class='ocrx_word' id='word_1_30' title='bbox 334 781 434 840; x_wconf 85' lang='lat' dir='ltr'><strong>iussit.</strong></span> 
     </span>
    </p>

    <p class='ocr_par' dir='ltr' id='par_1_3' title="bbox 157 859 1255 1750">
     <span class='ocr_line' id='line_1_6' title="bbox 322 859 1210 954; baseline 0.005 -34"><span class='ocrx_word' id='word_1_31' title='bbox 322 860 479 943; x_wconf 80' lang='lat' dir='ltr'><strong>Sogdiana</strong></span> <span class='ocrx_word' id='word_1_32' title='bbox 500 861 592 943; x_wconf 83' lang='lat' dir='ltr'><strong>regio</strong></span> <span class='ocrx_word' id='word_1_33' title='bbox 619 859 740 920; x_wconf 87' lang='lat' dir='ltr'><strong>maiore</strong></span> <span class='ocrx_word' id='word_1_34' title='bbox 764 879 805 920; x_wconf 83' lang='lat' dir='ltr'><strong>ex</strong></span> <span class='ocrx_word' id='word_1_35' title='bbox 830 870 923 954; x_wconf 79' lang='lat' dir='ltr'><strong>parte</strong></span> <span class='ocrx_word' id='word_1_36' title='bbox 950 859 1080 922; x_wconf 81' lang='lat' dir='ltr'><strong>deserta</strong></span> <span class='ocrx_word' id='word_1_37' title='bbox 1101 865 1210 931; x_wconf 73' lang='lat' dir='ltr'><strong>eet239</strong></span> 
     </span>
     <span class='ocr_line' id='line_1_7' title="bbox 170 925 1169 1023; baseline 0 -21"><span class='ocrx_word' id='word_1_38' title='bbox 170 925 201 967; x_wconf 63' lang='lat' dir='ltr'><strong>x·</strong></span> <span class='ocrx_word' id='word_1_39' title='bbox 244 941 426 1023; x_wconf 80' lang='lat' dir='ltr'><strong>octingenta</strong></span> <span class='ocrx_word' id='word_1_40' title='bbox 447 942 519 1001; x_wconf 80' lang='lat' dir='ltr'><strong>fere</strong></span> <span class='ocrx_word' id='word_1_41' title='bbox 540 941 639 1000; x_wconf 80' lang='lat' dir='ltr'><strong>stadia</strong></span> <span class='ocrx_word' id='word_1_42' title='bbox 659 939 691 1000; x_wconf 91' lang='lat' dir='ltr'><strong>in</strong></span> <span class='ocrx_word' id='word_1_43' title='bbox 713 939 911 1001; x_wconf 80' lang='lat' dir='ltr'><strong>latitudinem</strong></span> <span class='ocrx_word' id='word_1_44' title='bbox 934 951 1038 1014; x_wconf 84' lang='lat' dir='ltr'><strong>vastae</strong></span> <span class='ocrx_word' id='word_1_45' title='bbox 1058 941 1169 1002; x_wconf 76' lang='lat' dir='ltr'><strong>solitu·</strong></span> 
     </span>
     <span class='ocr_line' id='line_1_8' title="bbox 171 1019 1208 1103; baseline -0.001 -22"><span class='ocrx_word' id='word_1_46' title='bbox 171 1022 260 1082; x_wconf 79' lang='lat' dir='ltr'><strong>dines</strong></span> <span class='ocrx_word' id='word_1_47' title='bbox 285 1033 405 1084; x_wconf 88' lang='lat' dir='ltr'><strong>tenent.</strong></span> <span class='ocrx_word' id='word_1_48' title='bbox 445 1023 558 1101; x_wconf 79' lang='lat' dir='ltr'><strong>Ingens</strong></span> <span class='ocrx_word' id='word_1_49' title='bbox 578 1020 711 1102; x_wconf 83' lang='lat' dir='ltr'><strong>spatium</strong></span> <span class='ocrx_word' id='word_1_50' title='bbox 734 1033 844 1082; x_wconf 85' lang='lat' dir='ltr'><strong>rectae</strong></span> <span class='ocrx_word' id='word_1_51' title='bbox 870 1019 1009 1102; x_wconf 72' lang='lat' dir='ltr'>regionis</span> <span class='ocrx_word' id='word_1_52' title='bbox 1033 1031 1092 1096; x_wconf 77' lang='lat' dir='ltr'><strong>eat,</strong></span> <span class='ocrx_word' id='word_1_53' title='bbox 1112 1037 1208 1103; x_wconf 74' lang='lat' dir='ltr'><strong>pere</strong></span> 
     </span>
     <span class='ocr_line' id='line_1_9' title="bbox 172 1099 1169 1187; baseline -0.001 -23"><span class='ocrx_word' id='word_1_54' title='bbox 172 1101 418 1187; x_wconf 78' lang='lat' dir='ltr'><strong>quamamnis,</strong></span> <span class='ocrx_word' id='word_1_55' title='bbox 457 1101 689 1181; x_wconf 77' lang='lat' dir='ltr'><strong>Polytimedum</strong></span> <span class='ocrx_word' id='word_1_56' title='bbox 730 1112 847 1164; x_wconf 83' lang='lat' dir='ltr'><strong>vocant</strong></span> <span class='ocrx_word' id='word_1_57' title='bbox 878 1100 1019 1174; x_wconf 87' lang='lat' dir='ltr'><strong>incolae,</strong></span> <span class='ocrx_word' id='word_1_58' title='bbox 1062 1099 1169 1163; x_wconf 79' lang='lat' dir='ltr'><strong>fertur</strong></span> 
     </span>
     <span class='ocr_line' id='line_1_10' title="bbox 172 1179 1169 1264; baseline -0.001 -20"><span class='ocrx_word' id='word_1_59' title='bbox 172 1197 318 1246; x_wconf 60' lang='lat' dir='ltr'><strong>torreo&amp;</strong></span> <span class='ocrx_word' id='word_1_60' title='bbox 339 1185 422 1240; x_wconf 87' lang='lat' dir='ltr'><strong>Eum</strong></span> <span class='ocrx_word' id='word_1_61' title='bbox 439 1183 527 1264; x_wconf 80' lang='lat' dir='ltr'><strong>ripae</strong></span> <span class='ocrx_word' id='word_1_62' title='bbox 549 1182 580 1242; x_wconf 89' lang='lat' dir='ltr'><strong>in</strong></span> <span class='ocrx_word' id='word_1_63' title='bbox 600 1193 728 1242; x_wconf 88' lang='lat' dir='ltr'><strong>tenuem</strong></span> <span class='ocrx_word' id='word_1_64' title='bbox 750 1183 875 1244; x_wconf 83' lang='lat' dir='ltr'><strong>alveum</strong></span> <span class='ocrx_word' id='word_1_65' title='bbox 900 1193 1033 1262; x_wconf 81' lang='lat' dir='ltr'><strong>cogunt3</strong></span> <span class='ocrx_word' id='word_1_66' title='bbox 1055 1179 1169 1243; x_wconf 88' lang='lat' dir='ltr'><strong>deinde</strong></span> 
     </span>
     <span class='ocr_line' id='line_1_11' title="bbox 157 1258 1210 1344; baseline -0.003 -21"><span class='ocrx_word' id='word_1_67' title='bbox 157 1283 308 1324; x_wconf 80' lang='lat' dir='ltr'><strong>-eaverna</strong></span> <span class='ocrx_word' id='word_1_68' title='bbox 330 1261 443 1342; x_wconf 83' lang='lat' dir='ltr'><strong>accipit</strong></span> <span class='ocrx_word' id='word_1_69' title='bbox 464 1275 497 1324; x_wconf 88' lang='lat' dir='ltr'><strong>et</strong></span> <span class='ocrx_word' id='word_1_70' title='bbox 518 1262 576 1323; x_wconf 88' lang='lat' dir='ltr'><strong>sub</strong></span> <span class='ocrx_word' id='word_1_71' title='bbox 596 1274 715 1322; x_wconf 86' lang='lat' dir='ltr'><strong>terram</strong></span> <span class='ocrx_word' id='word_1_72' title='bbox 737 1263 831 1344; x_wconf 82' lang='lat' dir='ltr'><strong>repit.</strong></span> <span class='ocrx_word' id='word_1_73' title='bbox 853 1263 974 1324; x_wconf 75' lang='lat' dir='ltr'><strong>Cursus</strong></span> <span class='ocrx_word' id='word_1_74' title='bbox 994 1258 1171 1324; x_wconf 73' lang='lat' dir='ltr'><strong>absconditi</strong></span> <span class='ocrx_word' id='word_1_75' title='bbox 1194 1273 1210 1320; x_wconf 80' lang='lat'>³</span> 
     </span>
     <span class='ocr_line' id='line_1_12' title="bbox 171 1340 1255 1427; baseline 0 -25"><span class='ocrx_word' id='word_1_76' title='bbox 171 1343 321 1403; x_wconf 85' lang='lat' dir='ltr'><strong>indicium</strong></span> <span class='ocrx_word' id='word_1_77' title='bbox 344 1353 392 1404; x_wconf 91' lang='lat' dir='ltr'><strong>est</strong></span> <span class='ocrx_word' id='word_1_78' title='bbox 415 1363 515 1427; x_wconf 85' lang='lat' dir='ltr'><strong>aquae</strong></span> <span class='ocrx_word' id='word_1_79' title='bbox 536 1344 670 1403; x_wconf 84' lang='lat' dir='ltr'><strong>meantis</strong></span> <span class='ocrx_word' id='word_1_80' title='bbox 694 1363 790 1404; x_wconf 78' lang='lat' dir='ltr'><strong>sonus</strong></span> <span class='ocrx_word' id='word_1_81' title='bbox 800 1389 812 1426; x_wconf 84' lang='lat'><strong>,</strong></span> <span class='ocrx_word' id='word_1_82' title='bbox 834 1363 907 1404; x_wconf 86' lang='lat' dir='ltr'><strong>eum</strong></span> <span class='ocrx_word' id='word_1_83' title='bbox 929 1340 1034 1424; x_wconf 76' lang='lat' dir='ltr'><strong>ipsum</strong></span> <span class='ocrx_word' id='word_1_84' title='bbox 1055 1341 1170 1419; x_wconf 77' lang='lat' dir='ltr'><strong>tolum,</strong></span> <span class='ocrx_word' id='word_1_85' title='bbox 1251 1353 1255 1360; x_wconf 85' lang='lat'>&#39;</span> 
     </span>
     <span class='ocr_line' id='line_1_13' title="bbox 174 1420 1169 1508; baseline 0.002 -26"><span class='ocrx_word' id='word_1_86' title='bbox 174 1423 231 1483; x_wconf 83' lang='lat' dir='ltr'><strong>sub</strong></span> <span class='ocrx_word' id='word_1_87' title='bbox 251 1443 317 1508; x_wconf 85' lang='lat' dir='ltr'><strong>quo</strong></span> <span class='ocrx_word' id='word_1_88' title='bbox 338 1434 442 1484; x_wconf 83' lang='lat' dir='ltr'><strong>tantus</strong></span> <span class='ocrx_word' id='word_1_89' title='bbox 464 1423 561 1487; x_wconf 77' lang='lat' dir='ltr'><strong>aninis</strong></span> <span class='ocrx_word' id='word_1_90' title='bbox 582 1420 671 1495; x_wconf 78' lang='lat' dir='ltr'><strong>fluit,</strong></span> <span class='ocrx_word' id='word_1_91' title='bbox 703 1444 744 1485; x_wconf 91' lang='lat' dir='ltr'><strong>ne</strong></span> <span class='ocrx_word' id='word_1_92' title='bbox 772 1423 899 1484; x_wconf 85' lang='lat' dir='ltr'><strong>modico</strong></span> <span class='ocrx_word' id='word_1_93' title='bbox 928 1421 1058 1506; x_wconf 86' lang='lat' dir='ltr'><strong>quidem</strong></span> <span class='ocrx_word' id='word_1_94' title='bbox 1079 1442 1169 1484; x_wconf 78' lang='lat' dir='ltr'><strong>reeu-</strong></span> 
     </span>
     <span class='ocr_line' id='line_1_14' title="bbox 162 1501 1208 1586; baseline -0.002 -22"><span class='ocrx_word' id='word_1_95' title='bbox 162 1505 229 1564; x_wconf 64' lang='lat' dir='ltr'><strong>‘det</strong></span> <span class='ocrx_word' id='word_1_96' title='bbox 250 1501 394 1569; x_wconf 82' lang='lat' dir='ltr'><strong>humore.</strong></span> <span class='ocrx_word' id='word_1_97' title='bbox 417 1507 466 1564; x_wconf 81' lang='lat' dir='ltr'><strong>Ex</strong></span> <span class='ocrx_word' id='word_1_98' title='bbox 484 1503 616 1586; x_wconf 79' lang='lat' dir='ltr'><strong>captivis</strong></span> <span class='ocrx_word' id='word_1_99' title='bbox 637 1503 871 1586; x_wconf 79' lang='lat' dir='ltr'><strong>Sogdianorum</strong></span> <span class='ocrx_word' id='word_1_100' title='bbox 893 1501 1056 1586; x_wconf 83' lang='lat' dir='ltr'><strong>ad-regem</strong></span> <span class='ocrx_word' id='word_1_101' title='bbox 1076 1504 1169 1569; x_wconf 72' lang='lat' dir='ltr'><strong>XXX</strong></span> <span class='ocrx_word' id='word_1_102' title='bbox 1185 1515 1208 1562; x_wconf 71' lang='grc'><strong>,4</strong></span> 
     </span>
     <span class='ocr_line' id='line_1_15' title="bbox 172 1583 1166 1666; baseline 0.001 -22"><span class='ocrx_word' id='word_1_103' title='bbox 172 1585 368 1658; x_wconf 83' lang='lat' dir='ltr'><strong>nobilissimi,</strong></span> <span class='ocrx_word' id='word_1_104' title='bbox 392 1605 569 1666; x_wconf 76' lang='lat' dir='ltr'><strong>corporum</strong></span> <span class='ocrx_word' id='word_1_105' title='bbox 589 1584 710 1648; x_wconf 87' lang='lat' dir='ltr'><strong>robore</strong></span> <span class='ocrx_word' id='word_1_106' title='bbox 728 1584 864 1659; x_wconf 84' lang='lat' dir='ltr'><strong>eximio,</strong></span> <span class='ocrx_word' id='word_1_107' title='bbox 883 1583 1034 1666; x_wconf 86' lang='lat' dir='ltr'><strong>perducti</strong></span> <span class='ocrx_word' id='word_1_108' title='bbox 1056 1593 1166 1646; x_wconf 86' lang='lat' dir='ltr'><strong>erant:</strong></span> 
     </span>
     <span class='ocr_line' id='line_1_16' title="bbox 172 1663 1184 1750; baseline -0.003 -24"><span class='ocrx_word' id='word_1_109' title='bbox 172 1665 227 1750; x_wconf 85' lang='lat' dir='ltr'><strong>qui</strong></span> <span class='ocrx_word' id='word_1_110' title='bbox 252 1677 287 1726; x_wconf 89' lang='lat' dir='ltr'><strong>ut</strong></span> <span class='ocrx_word' id='word_1_111' title='bbox 306 1685 367 1747; x_wconf 89' lang='lat' dir='ltr'><strong>per</strong></span> <span class='ocrx_word' id='word_1_112' title='bbox 386 1665 600 1747; x_wconf 79' lang='lat' dir='ltr'><strong>interpretem</strong></span> <span class='ocrx_word' id='word_1_113' title='bbox 623 1666 854 1746; x_wconf 78' lang='lat' dir='ltr'><strong>cognoverunt,</strong></span> <span class='ocrx_word' id='word_1_114' title='bbox 875 1663 961 1740; x_wconf 64' lang='lat' dir='ltr'><strong>iussu</strong></span> <span class='ocrx_word' id='word_1_115' title='bbox 974 1664 1061 1746; x_wconf 83' lang='lat' dir='ltr'><strong>regie</strong></span> <span class='ocrx_word' id='word_1_116' title='bbox 1082 1665 1184 1747; x_wconf 66' lang='lat' dir='ltr'><strong>ipson„</strong></span> 
     </span>
    </p>
   </div>
   <div class='ocr_carea' id='block_1_3' title="bbox 8 1735 1171 1838">
    <p class='ocr_par' dir='ltr' id='par_1_4' title="bbox 8 1735 1171 1838">
     <span class='ocr_line' id='line_1_17' title="bbox 8 1735 1171 1838; baseline 0 -32"><span class='ocrx_word' id='word_1_117' title='bbox 8 1735 16 1742; x_wconf 50' lang='lat'>⁵</span> <span class='ocrx_word' id='word_1_118' title='bbox 68 1773 72 1784; x_wconf 90' lang='lat'><em>·</em></span> <span class='ocrx_word' id='word_1_119' title='bbox 172 1747 212 1806; x_wconf 87' lang='lat' dir='ltr'><strong>ad</strong></span> <span class='ocrx_word' id='word_1_120' title='bbox 233 1745 423 1838; x_wconf 86' lang='lat' dir='ltr'><strong>supplicium</strong></span> <span class='ocrx_word' id='word_1_121' title='bbox 446 1743 541 1819; x_wconf 82' lang='lat' dir='ltr'><strong>trahi,</strong></span> <span class='ocrx_word' id='word_1_122' title='bbox 568 1763 695 1804; x_wconf 86' lang='lat' dir='ltr'><strong>carmen</strong></span> <span class='ocrx_word' id='word_1_123' title='bbox 721 1743 902 1804; x_wconf 77' lang='lat' dir='ltr'><strong>laetantium</strong></span> <span class='ocrx_word' id='word_1_124' title='bbox 923 1743 1021 1804; x_wconf 88' lang='lat' dir='ltr'><strong>modo</strong></span> <span class='ocrx_word' id='word_1_125' title='bbox 1042 1763 1171 1827; x_wconf 82' lang='lat' dir='ltr'><strong>canere,</strong></span> 
     </span>
    </p>
   </div>
   <div class='ocr_carea' id='block_1_4' title="bbox 162 1822 1273 2470">
    <p class='ocr_par' dir='ltr' id='par_1_5' title="bbox 162 1822 1273 2470">
     <span class='ocr_line' id='line_1_18' title="bbox 172 1822 1170 1907; baseline -0.001 -22"><span class='ocrx_word' id='word_1_126' title='bbox 172 1827 387 1906; x_wconf 80' lang='lat' dir='ltr'><strong>tripudiisque</strong></span> <span class='ocrx_word' id='word_1_127' title='bbox 406 1835 439 1882; x_wconf 87' lang='lat' dir='ltr'><strong>et</strong></span> <span class='ocrx_word' id='word_1_128' title='bbox 451 1822 612 1882; x_wconf 87' lang='lat' dir='ltr'><strong>lasciviori</strong></span> <span class='ocrx_word' id='word_1_129' title='bbox 633 1824 777 1903; x_wconf 79' lang='lat' dir='ltr'><strong>eorporis</strong></span> <span class='ocrx_word' id='word_1_130' title='bbox 798 1833 889 1884; x_wconf 87' lang='lat' dir='ltr'><strong>motu</strong></span> <span class='ocrx_word' id='word_1_131' title='bbox 903 1822 1052 1904; x_wconf 81' lang='lat' dir='ltr'><strong>gaudium</strong></span> <span class='ocrx_word' id='word_1_132' title='bbox 1067 1825 1170 1907; x_wconf 87' lang='lat' dir='ltr'><strong>quod·</strong></span> 
     </span>
     <span class='ocr_line' id='line_1_19' title="bbox 175 1901 1214 1982; baseline 0.002 -18"><span class='ocrx_word' id='word_1_133' title='bbox 175 1905 246 1964; x_wconf 86' lang='lat' dir='ltr'><strong>dam</strong></span> <span class='ocrx_word' id='word_1_134' title='bbox 268 1903 361 1962; x_wconf 86' lang='lat' dir='ltr'><strong>animi</strong></span> <span class='ocrx_word' id='word_1_135' title='bbox 383 1913 542 1962; x_wconf 86' lang='lat' dir='ltr'><strong>ostentare</strong></span> <span class='ocrx_word' id='word_1_136' title='bbox 565 1914 752 1982; x_wconf 81' lang='lat' dir='ltr'><strong>coeperunt.</strong></span> <span class='ocrx_word' id='word_1_137' title='bbox 778 1901 961 1962; x_wconf 76' lang='lat' dir='ltr'><strong>Admiratus</strong></span> <span class='ocrx_word' id='word_1_138' title='bbox 981 1922 1050 1979; x_wconf 86' lang='lat' dir='ltr'><strong>rex,</strong></span> <span class='ocrx_word' id='word_1_139' title='bbox 1070 1915 1171 1964; x_wconf 80' lang='lat' dir='ltr'><strong>tantae</strong></span> <span class='ocrx_word' id='word_1_140' title='bbox 1198 1921 1214 1966; x_wconf 77' lang='lat'>⁵</span> 
     </span>
     <span class='ocr_line' id='line_1_20' title="bbox 174 1981 1273 2064; baseline 0.003 -21"><span class='ocrx_word' id='word_1_141' title='bbox 174 1981 389 2064; x_wconf 79' lang='lat' dir='ltr'><strong>magnitudine</strong></span> <span class='ocrx_word' id='word_1_142' title='bbox 427 1982 535 2041; x_wconf 55' lang='lat' dir='ltr'><strong>animi*</strong></span> <span class='ocrx_word' id='word_1_143' title='bbox 560 1993 717 2062; x_wconf 86' lang='lat' dir='ltr'><strong>oppetere</strong></span> <span class='ocrx_word' id='word_1_144' title='bbox 748 1993 906 2048; x_wconf 83' lang='lat' dir='ltr'><strong>mortem,</strong></span> <span class='ocrx_word' id='word_1_145' title='bbox 939 1983 1087 2043; x_wconf 83' lang='lat' dir='ltr'><strong>revocari</strong></span> <span class='ocrx_word' id='word_1_146' title='bbox 1116 2003 1188 2055; x_wconf 69' lang='lat' dir='ltr'><strong>eos,</strong></span> <span class='ocrx_word' id='word_1_147' title='bbox 1266 2027 1273 2046; x_wconf 83' lang='lat'><strong><em>.</em></strong></span> 
     </span>
     <span class='ocr_line' id='line_1_21' title="bbox 175 2056 1173 2144; baseline 0.002 -20"><span class='ocrx_word' id='word_1_148' title='bbox 175 2064 282 2139; x_wconf 86' lang='lat' dir='ltr'><strong>iussit,</strong></span> <span class='ocrx_word' id='word_1_149' title='bbox 309 2056 432 2122; x_wconf 72' lang='lat' dir='ltr'><strong>ceusam</strong></span> <span class='ocrx_word' id='word_1_150' title='bbox 460 2074 523 2122; x_wconf 86' lang='lat' dir='ltr'><strong>tam</strong></span> <span class='ocrx_word' id='word_1_151' title='bbox 550 2061 671 2122; x_wconf 77' lang='lat' dir='ltr'><strong>eiiitsae</strong></span> <span class='ocrx_word' id='word_1_152' title='bbox 698 2061 854 2137; x_wconf 86' lang='lat' dir='ltr'><strong>laetitiae,</strong></span> <span class='ocrx_word' id='word_1_153' title='bbox 881 2081 954 2121; x_wconf 87' lang='lat' dir='ltr'><strong>cum</strong></span> <span class='ocrx_word' id='word_1_154' title='bbox 983 2062 1173 2144; x_wconf 78' lang='lat' dir='ltr'><strong>supplicium</strong></span> 
     </span>
     <span class='ocr_line' id='line_1_22' title="bbox 174 2141 1210 2226; baseline 0.002 -22"><span class='ocrx_word' id='word_1_155' title='bbox 174 2157 246 2204; x_wconf 82' lang='lat' dir='ltr'><strong>ante</strong></span> <span class='ocrx_word' id='word_1_156' title='bbox 279 2143 389 2204; x_wconf 84' lang='lat' dir='ltr'><strong>oeulos</strong></span> <span class='ocrx_word' id='word_1_157' title='bbox 415 2143 589 2220; x_wconf 87' lang='lat' dir='ltr'><strong>haberent,</strong></span> <span class='ocrx_word' id='word_1_158' title='bbox 609 2143 786 2226; x_wconf 86' lang='lat' dir='ltr'><strong>requirens.</strong></span> <span class='ocrx_word' id='word_1_159' title='bbox 831 2142 899 2221; x_wconf 86' lang='lat' dir='ltr'><strong>llli,</strong></span> <span class='ocrx_word' id='word_1_160' title='bbox 928 2141 1013 2203; x_wconf 84' lang='lat' dir='ltr'><strong>siah</strong></span> <span class='ocrx_word' id='word_1_161' title='bbox 1038 2143 1099 2205; x_wconf 84' lang='lat' dir='ltr'><strong>alio</strong></span> <span class='ocrx_word' id='word_1_162' title='bbox 1119 2163 1210 2216; x_wconf 71' lang='lat' dir='ltr'><strong>ott-⁶</strong></span> 
     </span>
     <span class='ocr_line' id='line_1_23' title="bbox 173 2223 1172 2305; baseline 0 -18"><span class='ocrx_word' id='word_1_163' title='bbox 173 2225 374 2302; x_wconf 86' lang='lat' dir='ltr'><strong>eiderentur,</strong></span> <span class='ocrx_word' id='word_1_164' title='bbox 394 2224 502 2284; x_wconf 76' lang='lat' dir='ltr'><strong>tristes</strong></span> <span class='ocrx_word' id='word_1_165' title='bbox 530 2224 704 2286; x_wconf 84' lang='lat' dir='ltr'><strong>morituros</strong></span> <span class='ocrx_word' id='word_1_166' title='bbox 731 2225 831 2286; x_wconf 69' lang='lat' dir='ltr'><strong>fuisse</strong></span> <span class='ocrx_word' id='word_1_167' title='bbox 850 2223 1064 2305; x_wconf 83' lang='lat' dir='ltr'><strong>respondent3</strong></span> <span class='ocrx_word' id='word_1_168' title='bbox 1088 2245 1172 2287; x_wconf 88' lang='lat' dir='ltr'><strong>nuno</strong></span> 
     </span>
     <span class='ocr_line' id='line_1_24' title="bbox 162 2303 1187 2444; baseline 0.003 -78"><span class='ocrx_word' id='word_1_169' title='bbox 162 2317 410 2444; x_wconf 54' lang='lat' dir='ltr'><strong>-atantorepe,</strong></span> <span class='ocrx_word' id='word_1_170' title='bbox 434 2305 557 2367; x_wconf 78' lang='lat' dir='ltr'><strong>victore</strong></span> <span class='ocrx_word' id='word_1_171' title='bbox 582 2303 722 2370; x_wconf 82' lang='lat' dir='ltr'><strong>o&#39;mriium</strong></span> <span class='ocrx_word' id='word_1_172' title='bbox 743 2306 896 2388; x_wconf 85' lang='lat' dir='ltr'><strong>gentium,</strong></span> <span class='ocrx_word' id='word_1_173' title='bbox 917 2304 1087 2367; x_wconf 78' lang='lat' dir='ltr'><strong>maioribus</strong></span> <span class='ocrx_word' id='word_1_174' title='bbox 1106 2306 1187 2371; x_wconf 76' lang='lat' dir='ltr'><strong>suie-</strong></span> 
     </span>
     <span class='ocr_line' id='line_1_25' title="bbox 173 2385 1171 2470; baseline 0.002 -23"><span class='ocrx_word' id='word_1_175' title='bbox 173 2385 335 2458; x_wconf 83' lang='lat' dir='ltr'><strong>redditos,</strong></span> <span class='ocrx_word' id='word_1_176' title='bbox 386 2397 529 2447; x_wconf 87' lang='lat' dir='ltr'><strong>onestam</strong></span> <span class='ocrx_word' id='word_1_177' title='bbox 556 2397 711 2457; x_wconf 84' lang='lat' dir='ltr'><strong>mortem,</strong></span> <span class='ocrx_word' id='word_1_178' title='bbox 745 2408 840 2470; x_wconf 88' lang='lat' dir='ltr'><strong>quam</strong></span> <span class='ocrx_word' id='word_1_179' title='bbox 871 2385 975 2448; x_wconf 82' lang='lat' dir='ltr'><strong>fortes</strong></span> <span class='ocrx_word' id='word_1_180' title='bbox 1002 2387 1063 2446; x_wconf 84' lang='lat' dir='ltr'><strong>viri</strong></span> <span class='ocrx_word' id='word_1_181' title='bbox 1092 2398 1171 2465; x_wconf 80' lang='lat' dir='ltr'><strong>voto</strong></span> 
     </span>
    </p>
   </div>
   <div class='ocr_carea' id='block_1_5' title="bbox 172 2465 1242 2706">
    <p class='ocr_par' dir='ltr' id='par_1_6' title="bbox 172 2465 1242 2706">
     <span class='ocr_line' id='line_1_26' title="bbox 174 2465 1242 2607; baseline 0.002 -81"><span class='ocrx_word' id='word_1_182' title='bbox 174 2486 306 2607; x_wconf 62' lang='lat' dir='ltr'><strong>quopue</strong></span> <span class='ocrx_word' id='word_1_183' title='bbox 328 2477 532 2546; x_wconf 84' lang='lat' dir='ltr'><strong>expeterent,</strong></span> <span class='ocrx_word' id='word_1_184' title='bbox 569 2467 760 2528; x_wconf 82' lang='lat' dir='ltr'><strong>carminibus</strong></span> <span class='ocrx_word' id='word_1_185' title='bbox 789 2467 838 2526; x_wconf 87' lang='lat' dir='ltr'><strong>sui</strong></span> <span class='ocrx_word' id='word_1_186' title='bbox 868 2466 968 2527; x_wconf 82' lang='lat' dir='ltr'><strong>morio</strong></span> <span class='ocrx_word' id='word_1_187' title='bbox 988 2465 1172 2550; x_wconf 73' lang='lat' dir='ltr'><strong>laetitiaque</strong></span> <span class='ocrx_word' id='word_1_188' title='bbox 1239 2495 1242 2502; x_wconf 93' lang='lat'>·</span> 
     </span>
     <span class='ocr_line' id='line_1_27' title="bbox 174 2545 1213 2642; baseline 0.003 -35"><span class='ocrx_word' id='word_1_189' title='bbox 174 2547 244 2607; x_wconf 86' lang='lat' dir='ltr'><strong>cele</strong></span> <span class='ocrx_word' id='word_1_190' title='bbox 268 2566 351 2610; x_wconf 75' lang='lat' dir='ltr'><strong>rere.</strong></span> <span class='ocrx_word' id='word_1_191' title='bbox 394 2547 572 2626; x_wconf 68' lang='lat' dir='ltr'><strong>Tum&#39;rex,</strong></span> <span class='ocrx_word' id='word_1_192' title='bbox 596 2546 727 2642; x_wconf 76' lang='lat' dir='ltr'><strong>Quaero</strong></span> <span class='ocrx_word' id='word_1_193' title='bbox 747 2547 872 2640; x_wconf 75' lang='lat' dir='ltr'><strong>itaque,</strong></span> <span class='ocrx_word' id='word_1_194' title='bbox 901 2569 939 2606; x_wconf 90' lang='lat' dir='ltr'><strong>an</strong></span> <span class='ocrx_word' id='word_1_195' title='bbox 959 2545 1070 2638; x_wconf 69' lang='lat' dir='ltr'><strong>pivere</strong></span> <span class='ocrx_word' id='word_1_196' title='bbox 1096 2549 1173 2607; x_wconf 82' lang='lat' dir='ltr'><strong>veli·</strong></span> <span class='ocrx_word' id='word_1_197' title='bbox 1198 2568 1213 2610; x_wconf 91' lang='lat'>7</span> 
     </span>
     <span class='ocr_line' id='line_1_28' title="bbox 172 2623 1211 2706; baseline 0.002 -20"><span class='ocrx_word' id='word_1_198' title='bbox 172 2626 214 2686; x_wconf 82' lang='lat' dir='ltr'><strong>tis</strong></span> <span class='ocrx_word' id='word_1_199' title='bbox 235 2649 299 2688; x_wconf 87' lang='lat' dir='ltr'><strong>non</strong></span> <span class='ocrx_word' id='word_1_200' title='bbox 319 2625 436 2688; x_wconf 87' lang='lat' dir='ltr'><strong>inimici</strong></span> <span class='ocrx_word' id='word_1_201' title='bbox 457 2626 544 2706; x_wconf 90' lang='lat' dir='ltr'><strong>mihi,</strong></span> <span class='ocrx_word' id='word_1_202' title='bbox 565 2646 654 2694; x_wconf 78' lang='lat' dir='ltr'><strong>cuius</strong></span> <span class='ocrx_word' id='word_1_203' title='bbox 674 2625 831 2690; x_wconf 80' lang='lat' dir='ltr'><strong>beneficio</strong></span> <span class='ocrx_word' id='word_1_204' title='bbox 850 2627 967 2690; x_wconf 79' lang='lat' dir='ltr'><strong>victuri</strong></span> <span class='ocrx_word' id='word_1_205' title='bbox 989 2623 1088 2686; x_wconf 83' lang='lat' dir='ltr'><strong>estis?</strong></span> <span class='ocrx_word' id='word_1_206' title='bbox 1116 2627 1211 2704; x_wconf 87' lang='lat' dir='ltr'><strong>Illi,o</strong></span> 
     </span>
    </p>
   </div>
   <div class='ocr_carea' id='block_1_6' title="bbox 176 2889 1170 3578">
    <p class='ocr_par' dir='ltr' id='par_1_7' title="bbox 244 2889 752 2960">
     <span class='ocr_line' id='line_1_29' title="bbox 244 2889 752 2960; baseline -0.002 -20"><span class='ocrx_word' id='word_1_207' title='bbox 244 2889 270 2958; x_wconf 70' lang='grc' dir='ltr'><strong>α)</strong></span> <span class='ocrx_word' id='word_1_208' title='bbox 289 2891 367 2956; x_wconf 79' lang='lat' dir='ltr'><strong>vulgo</strong></span> <span class='ocrx_word' id='word_1_209' title='bbox 376 2891 481 2960; x_wconf 81' lang='lat' dir='ltr'><strong>fertur.</strong></span> <span class='ocrx_word' id='word_1_210' title='bbox 511 2890 752 2946; x_wconf 71' lang='lat' dir='ltr'><strong>Torrentemeum.</strong></span> 
     </span>
    </p>

    <p class='ocr_par' dir='ltr' id='par_1_8' title="bbox 178 2953 1170 3093">
     <span class='ocr_line' id='line_1_30' title="bbox 243 2953 1170 3026; baseline -0.003 -17"><span class='ocrx_word' id='word_1_211' title='bbox 243 2965 272 3024; x_wconf 84' lang='grc'><strong>3)</strong></span> <span class='ocrx_word' id='word_1_212' title='bbox 292 2959 373 3026; x_wconf 73' lang='lat' dir='ltr'><strong>Voss,</strong></span> <span class='ocrx_word' id='word_1_213' title='bbox 391 2978 414 3010; x_wconf 81' lang='lat'><strong>2.</strong></span> <span class='ocrx_word' id='word_1_214' title='bbox 432 2959 733 3019; x_wconf 67' lang='lat' dir='ltr'><strong>modicum-humorem</strong></span> <span class='ocrx_word' id='word_1_215' title='bbox 752 2960 787 3012; x_wconf 82' lang='lat' dir='ltr'><strong>cs.</strong></span> <span class='ocrx_word' id='word_1_216' title='bbox 803 2957 939 3014; x_wconf 79' lang='lat' dir='ltr'><strong>Drakenb.</strong></span> <span class='ocrx_word' id='word_1_217' title='bbox 958 2954 992 3009; x_wconf 84' lang='lat' dir='ltr'><strong>ad</strong></span> <span class='ocrx_word' id='word_1_218' title='bbox 1010 2953 1068 3006; x_wconf 83' lang='lat' dir='ltr'><strong>Liv.</strong></span> <span class='ocrx_word' id='word_1_219' title='bbox 1083 2955 1170 3022; x_wconf 81' lang='lat' dir='ltr'><strong>xxn,</strong></span> 
     </span>
     <span class='ocr_line' id='line_1_31' title="bbox 178 3024 1048 3093; baseline -0.006 -15"><span class='ocrx_word' id='word_1_220' title='bbox 178 3045 202 3093; x_wconf 85' lang='lat'><strong>1,</strong></span> <span class='ocrx_word' id='word_1_221' title='bbox 218 3025 243 3078; x_wconf 84' lang='grc'><strong>8.</strong></span> <span class='ocrx_word' id='word_1_222' title='bbox 261 3035 288 3078; x_wconf 84' lang='lat' dir='ltr'><strong>et</strong></span> <span class='ocrx_word' id='word_1_223' title='bbox 307 3026 340 3077; x_wconf 80' lang='lat' dir='ltr'><strong>ad</strong></span> <span class='ocrx_word' id='word_1_224' title='bbox 359 3029 452 3078; x_wconf 88' lang='lat' dir='ltr'><strong>Silium</strong></span> <span class='ocrx_word' id='word_1_225' title='bbox 471 3030 529 3076; x_wconf 80' lang='lat' dir='ltr'><strong>lul.</strong></span> <span class='ocrx_word' id='word_1_226' title='bbox 547 3027 581 3091; x_wconf 84' lang='lat' dir='ltr'><strong>ll,</strong></span> <span class='ocrx_word' id='word_1_227' title='bbox 602 3024 662 3090; x_wconf 73' lang='lat'><strong>455,</strong></span> <span class='ocrx_word' id='word_1_228' title='bbox 676 3025 798 3076; x_wconf 86' lang='lat' dir='ltr'><strong>Ruddim.</strong></span> <span class='ocrx_word' id='word_1_229' title='bbox 821 3028 857 3092; x_wconf 87' lang='lat' dir='ltr'><strong>II,</strong></span> <span class='ocrx_word' id='word_1_230' title='bbox 879 3029 936 3090; x_wconf 81' lang='lat'><strong>158,</strong></span> <span class='ocrx_word' id='word_1_231' title='bbox 959 3043 986 3077; x_wconf 85' lang='lat' dir='ltr'><strong>n.</strong></span> <span class='ocrx_word' id='word_1_232' title='bbox 1010 3036 1048 3074; x_wconf 84' lang='grc'><strong>10.</strong></span> 
     </span>
    </p>

    <p class='ocr_par' dir='ltr' id='par_1_9' title="bbox 177 3093 1169 3230">
     <span class='ocr_line' id='line_1_32' title="bbox 242 3093 1169 3165; baseline -0.005 -19"><span class='ocrx_word' id='word_1_233' title='bbox 242 3095 269 3162; x_wconf 74' lang='grc'><strong>4)</strong></span> <span class='ocrx_word' id='word_1_234' title='bbox 288 3095 364 3151; x_wconf 77' lang='lat' dir='ltr'><strong>Frsh,</strong></span> <span class='ocrx_word' id='word_1_235' title='bbox 395 3113 443 3165; x_wconf 85' lang='lat' dir='ltr'><strong>pro</strong></span> <span class='ocrx_word' id='word_1_236' title='bbox 468 3093 548 3144; x_wconf 83' lang='lat' dir='ltr'><strong>modo</strong></span> <span class='ocrx_word' id='word_1_237' title='bbox 571 3103 667 3144; x_wconf 81' lang='lat' dir='ltr'><strong>eontra</strong></span> <span class='ocrx_word' id='word_1_238' title='bbox 694 3103 763 3162; x_wconf 84' lang='lat' dir='ltr'><strong>optt.</strong></span> <span class='ocrx_word' id='word_1_239' title='bbox 792 3094 880 3145; x_wconf 91' lang='lat' dir='ltr'><strong>Codd.</strong></span> <span class='ocrx_word' id='word_1_240' title='bbox 904 3113 997 3156; x_wconf 79' lang='lat' dir='ltr'><strong>more,</strong></span> <span class='ocrx_word' id='word_1_241' title='bbox 1015 3105 1083 3160; x_wconf 84' lang='lat' dir='ltr'><strong>quoe</strong></span> <span class='ocrx_word' id='word_1_242' title='bbox 1102 3093 1169 3143; x_wconf 83' lang='lat' dir='ltr'><strong>nihil</strong></span> 
     </span>
     <span class='ocr_line' id='line_1_33' title="bbox 177 3162 1014 3230; baseline -0.002 -15"><span class='ocrx_word' id='word_1_243' title='bbox 177 3165 247 3218; x_wconf 82' lang='lat' dir='ltr'><strong>inter</strong></span> <span class='ocrx_word' id='word_1_244' title='bbox 265 3183 293 3217; x_wconf 86' lang='lat' dir='ltr'><strong>se</strong></span> <span class='ocrx_word' id='word_1_245' title='bbox 311 3163 421 3217; x_wconf 85' lang='lat' dir='ltr'><strong>differre</strong></span> <span class='ocrx_word' id='word_1_246' title='bbox 440 3165 522 3216; x_wconf 87' lang='lat' dir='ltr'><strong>docet</strong></span> <span class='ocrx_word' id='word_1_247' title='bbox 540 3162 659 3212; x_wconf 85' lang='lat' dir='ltr'><strong>Gronov.</strong></span> <span class='ocrx_word' id='word_1_248' title='bbox 680 3162 713 3212; x_wconf 91' lang='lat' dir='ltr'><strong>ad</strong></span> <span class='ocrx_word' id='word_1_249' title='bbox 730 3165 785 3213; x_wconf 89' lang='lat' dir='ltr'><strong>Liv.</strong></span> <span class='ocrx_word' id='word_1_250' title='bbox 803 3165 914 3228; x_wconf 85' lang='lat' dir='ltr'><strong>XXVII,</strong></span> <span class='ocrx_word' id='word_1_251' title='bbox 933 3163 960 3230; x_wconf 77' lang='grc'><strong>4,</strong></span> <span class='ocrx_word' id='word_1_252' title='bbox 979 3165 1014 3214; x_wconf 82' lang='grc' dir='ltr'><strong>ι3.</strong></span> 
     </span>
    </p>

    <p class='ocr_par' dir='ltr' id='par_1_10' title="bbox 176 3230 1168 3430">
     <span class='ocr_line' id='line_1_34' title="bbox 241 3230 1075 3302; baseline 0.001 -18"><span class='ocrx_word' id='word_1_253' title='bbox 241 3233 268 3301; x_wconf 67' lang='lat'><strong>5)</strong></span> <span class='ocrx_word' id='word_1_254' title='bbox 289 3234 358 3284; x_wconf 90' lang='lat' dir='ltr'><strong>Cod.</strong></span> <span class='ocrx_word' id='word_1_255' title='bbox 377 3235 494 3286; x_wconf 85' lang='lat' dir='ltr'><strong>Theocr.</strong></span> <span class='ocrx_word' id='word_1_256' title='bbox 514 3241 594 3280; x_wconf 81' lang='lat' dir='ltr'><strong>tanta</strong></span> <span class='ocrx_word' id='word_1_257' title='bbox 612 3230 718 3281; x_wconf 79' lang='lat' dir='ltr'><strong>laetitio</strong></span> <span class='ocrx_word' id='word_1_258' title='bbox 736 3243 761 3302; x_wconf 66' lang='lat' dir='ltr'><strong>qt</strong></span> <span class='ocrx_word' id='word_1_259' title='bbox 779 3231 967 3300; x_wconf 79' lang='lat' dir='ltr'><strong>magnitudine</strong></span> <span class='ocrx_word' id='word_1_260' title='bbox 984 3230 1075 3284; x_wconf 84' lang='lat' dir='ltr'><strong>animi.</strong></span> 
     </span>
     <span class='ocr_line' id='line_1_35' title="bbox 176 3296 1168 3419; baseline -0.009 -64"><span class='ocrx_word' id='word_1_261' title='bbox 176 3369 191 3419; x_wconf 67' lang='lat' dir='ltr'><em>b</em></span> <span class='ocrx_word' id='word_1_262' title='bbox 237 3304 271 3371; x_wconf 84' lang='grc'><strong>’6)</strong></span> <span class='ocrx_word' id='word_1_263' title='bbox 294 3301 381 3358; x_wconf 81' lang='lat' dir='ltr'><strong>codd.</strong></span> <span class='ocrx_word' id='word_1_264' title='bbox 399 3303 520 3365; x_wconf 85' lang='lat' dir='ltr'><strong>turbant,</strong></span> <span class='ocrx_word' id='word_1_265' title='bbox 537 3315 651 3368; x_wconf 85' lang='lat' dir='ltr'><strong>quorum</strong></span> <span class='ocrx_word' id='word_1_266' title='bbox 676 3301 770 3368; x_wconf 83' lang='lat' dir='ltr'><strong>optimi</strong></span> <span class='ocrx_word' id='word_1_267' title='bbox 793 3300 893 3353; x_wconf 84' lang='lat' dir='ltr'><strong>hubent</strong></span> <span class='ocrx_word' id='word_1_268' title='bbox 914 3298 1031 3352; x_wconf 75' lang='lat' dir='ltr'><strong>redditis</strong></span> <span class='ocrx_word' id='word_1_269' title='bbox 1055 3306 1082 3350; x_wconf 86' lang='lat' dir='ltr'><strong>et</strong></span> <span class='ocrx_word' id='word_1_270' title='bbox 1102 3296 1168 3347; x_wconf 79' lang='lat' dir='ltr'><strong>cele·</strong></span> 
     </span>
     <span class='ocr_line' id='line_1_36' title="bbox 194 3382 633 3430; baseline -0.002 -11"><span class='ocrx_word' id='word_1_271' title='bbox 194 3382 297 3426; x_wconf 80' lang='lat' dir='ltr'><strong>rorent,</strong></span> <span class='ocrx_word' id='word_1_272' title='bbox 393 3401 395 3407; x_wconf 38' lang='grc' dir='ltr'><em>ι</em></span> <span class='ocrx_word' id='word_1_273' title='bbox 631 3423 633 3430; x_wconf 22' lang='lat' dir='ltr'>y</span> 
     </span>
    </p>

    <p class='ocr_par' dir='ltr' id='par_1_11' title="bbox 177 3432 1168 3578">
     <span class='ocr_line' id='line_1_37' title="bbox 243 3432 1167 3508; baseline -0.008 -18"><span class='ocrx_word' id='word_1_274' title='bbox 243 3441 270 3508; x_wconf 89' lang='lat'><strong>8)</strong></span> <span class='ocrx_word' id='word_1_275' title='bbox 296 3438 371 3489; x_wconf 82' lang='lat' dir='ltr'><strong>Frsh.</strong></span> <span class='ocrx_word' id='word_1_276' title='bbox 397 3435 589 3497; x_wconf 62' lang='lat' dir='ltr'><strong>imnn&#39;coeai,</strong></span> <span class='ocrx_word' id='word_1_277' title='bbox 626 3432 689 3488; x_wconf 83' lang='lat' dir='ltr'><strong>sed</strong></span> <span class='ocrx_word' id='word_1_278' title='bbox 714 3433 807 3487; x_wconf 84' lang='lat' dir='ltr'><strong>dello</strong></span> <span class='ocrx_word' id='word_1_279' title='bbox 839 3437 1031 3488; x_wconf 79' lang='lat' dir='ltr'><strong>lacessitos</strong></span> <span class='ocrx_word' id='word_1_280' title='bbox 1059 3433 1167 3496; x_wconf 73' lang='lat' dir='ltr'><strong>hoo&#39;ter;</strong></span> 
     </span>
     <span class='ocr_line' id='line_1_38' title="bbox 177 3505 1168 3578; baseline -0.004 -21"><span class='ocrx_word' id='word_1_281' title='bbox 177 3507 282 3578; x_wconf 84' lang='lat' dir='ltr'><strong>Zumpt..</strong></span> <span class='ocrx_word' id='word_1_282' title='bbox 297 3514 404 3560; x_wconf 76' lang='lat' dir='ltr'><strong>secutus</strong></span> <span class='ocrx_word' id='word_1_283' title='bbox 421 3516 461 3560; x_wconf 79' lang='lat' dir='ltr'><strong>est</strong></span> <span class='ocrx_word' id='word_1_284' title='bbox 482 3507 558 3559; x_wconf 81' lang='lat' dir='ltr'><strong>Vosa.</strong></span> <span class='ocrx_word' id='word_1_285' title='bbox 583 3518 606 3559; x_wconf 80' lang='grc' dir='ltr'><strong>ι.</strong></span> <span class='ocrx_word' id='word_1_286' title='bbox 634 3507 678 3574; x_wconf 89' lang='lat' dir='ltr'><strong>qui</strong></span> <span class='ocrx_word' id='word_1_287' title='bbox 700 3513 790 3558; x_wconf 83' lang='lat' dir='ltr'><strong>tamen</strong></span> <span class='ocrx_word' id='word_1_288' title='bbox 818 3509 914 3557; x_wconf 77' lang='lat' dir='ltr'><strong>omissa</strong></span> <span class='ocrx_word' id='word_1_289' title='bbox 937 3507 966 3555; x_wconf 81' lang='lat' dir='ltr'><strong>in</strong></span> <span class='ocrx_word' id='word_1_290' title='bbox 988 3505 1107 3570; x_wconf 77' lang='lat' dir='ltr'><strong>margine</strong></span> <span class='ocrx_word' id='word_1_291' title='bbox 1131 3505 1168 3568; x_wconf 82' lang='lat' dir='ltr'><strong>ita</strong></span> 
     </span>
    </p>
   </div>
   <div class='ocr_carea' id='block_1_7' title="bbox 0 0 1354 3876">
    <p class='ocr_par' dir='ltr' id='par_1_12' title="bbox 0 0 1354 3876">
     <span class='ocr_line' id='line_1_39' title="bbox 0 0 1354 3876; baseline 0 0"><span class='ocrx_word' id='word_1_292' title='bbox 0 0 1354 3876; x_wconf 95' lang='lat' dir='ltr'><strong> </strong></span> 
     </span>
    </p>
   </div>
  </div>
 </body>
</html>
