<?xml version="1.0" encoding="UTF-8"?>
<!DOCTYPE html PUBLIC "-//W3C//DTD XHTML 1.0 Transitional//EN"
    "http://www.w3.org/TR/xhtml1/DTD/xhtml1-transitional.dtd">
<html xmlns="http://www.w3.org/1999/xhtml" xml:lang="en" lang="en">
 <head>
  <title>
</title>
<meta http-equiv="Content-Type" content="text/html;charset=utf-8" />
  <meta name='ocr-system' content='tesseract 3.04.00' />
  <meta name='ocr-capabilities' content='ocr_page ocr_carea ocr_par ocr_line ocrx_word'/>
</head>
<body>
  <div class='ocr_page' id='page_1' title='image "./degestisalexand00baumgoog_0042.png"; bbox 0 0 2686 3876; ppageno 0'>
   <div class='ocr_carea' id='block_1_1' title="bbox 209 387 840 461">
    <p class='ocr_par' dir='ltr' id='par_1_1' title="bbox 209 387 840 461">
     <span class='ocr_line' id='line_1_1' title="bbox 209 387 840 461; baseline 0.002 -18"><span class='ocrx_word' id='word_1_1' title='bbox 209 404 241 455; x_wconf 74' lang='lat'><strong>32</strong></span> <span class='ocrx_word' id='word_1_2' title='bbox 464 387 484 428; x_wconf 64' lang='grc' dir='ltr'><em>ἀ</em></span> <span class='ocrx_word' id='word_1_3' title='bbox 557 395 589 461; x_wconf 80' lang='lat' dir='ltr'><strong>o.</strong></span> <span class='ocrx_word' id='word_1_4' title='bbox 610 391 840 448; x_wconf 42' lang='lat' dir='ltr'><strong>cunv11nvvt*</strong></span> 
     </span>
    </p>
   </div>
   <div class='ocr_carea' id='block_1_2' title="bbox 167 540 1257 2400">
    <p class='ocr_par' dir='ltr' id='par_1_2' title="bbox 206 540 1195 706">
     <span class='ocr_line' id='line_1_2' title="bbox 211 540 1194 624; baseline 0.002 -22"><span class='ocrx_word' id='word_1_5' title='bbox 211 543 326 604; x_wconf 89' lang='lat' dir='ltr'><strong>deinde</strong></span> <span class='ocrx_word' id='word_1_6' title='bbox 348 543 436 604; x_wconf 88' lang='lat' dir='ltr'><strong>adire</strong></span> <span class='ocrx_word' id='word_1_7' title='bbox 458 543 656 606; x_wconf 81' lang='lat' dir='ltr'><strong>decreverat.</strong></span> <span class='ocrx_word' id='word_1_8' title='bbox 702 541 766 602; x_wconf 87' lang='lat' dir='ltr'><strong>Sed</strong></span> <span class='ocrx_word' id='word_1_9' title='bbox 786 543 950 604; x_wconf 85' lang='lat' dir='ltr'><strong>consilium</strong></span> <span class='ocrx_word' id='word_1_10' title='bbox 972 540 1096 604; x_wconf 77' lang='lat' dir='ltr'><strong>distulit</strong></span> <span class='ocrx_word' id='word_1_11' title='bbox 1115 540 1194 624; x_wconf 80' lang='lat' dir='ltr'><strong>Sog&#39;·</strong></span> 
     </span>
     <span class='ocr_line' id='line_1_3' title="bbox 206 621 1195 706; baseline 0.001 -22"><span class='ocrx_word' id='word_1_12' title='bbox 206 624 372 685; x_wconf 88' lang='lat' dir='ltr'><strong>dianorum</strong></span> <span class='ocrx_word' id='word_1_13' title='bbox 393 625 531 684; x_wconf 89' lang='lat' dir='ltr'><strong>nuntiata</strong></span> <span class='ocrx_word' id='word_1_14' title='bbox 556 621 717 692; x_wconf 80' lang='lat' dir='ltr'><strong>deiectio,</strong></span> <span class='ocrx_word' id='word_1_15' title='bbox 753 643 834 706; x_wconf 90' lang='lat' dir='ltr'><strong>quae</strong></span> <span class='ocrx_word' id='word_1_16' title='bbox 857 623 1043 686; x_wconf 80' lang='lat' dir='ltr'><strong>Bactrianos</strong></span> <span class='ocrx_word' id='word_1_17' title='bbox 1057 642 1195 706; x_wconf 87' lang='lat' dir='ltr'><strong>quoque</strong></span> 
     </span>
    </p>

    <p class='ocr_par' dir='ltr' id='par_1_3' title="bbox 177 703 1208 1028">
     <span class='ocr_line' id='line_1_4' title="bbox 177 703 1196 786; baseline -0.001 -21"><span class='ocrx_word' id='word_1_18' title='bbox 177 705 311 772; x_wconf 67' lang='lat' dir='ltr'><strong>retraxit.</strong></span> <span class='ocrx_word' id='word_1_19' title='bbox 341 705 400 767; x_wconf 89' lang='lat' dir='ltr'><strong>Vll</strong></span> <span class='ocrx_word' id='word_1_20' title='bbox 421 704 504 764; x_wconf 91' lang='lat' dir='ltr'><strong>milia</strong></span> <span class='ocrx_word' id='word_1_21' title='bbox 528 703 671 786; x_wconf 87' lang='lat' dir='ltr'><strong>equitum</strong></span> <span class='ocrx_word' id='word_1_22' title='bbox 693 714 792 771; x_wconf 90' lang='lat' dir='ltr'><strong>erant,</strong></span> <span class='ocrx_word' id='word_1_23' title='bbox 814 725 951 785; x_wconf 83' lang='lat' dir='ltr'><strong>querum</strong></span> <span class='ocrx_word' id='word_1_24' title='bbox 973 703 1196 764; x_wconf 82' lang='lat' dir='ltr'><strong>auctoritatem</strong></span> 
     </span>
     <span class='ocr_line' id='line_1_5' title="bbox 207 782 1208 868; baseline 0 -24"><span class='ocrx_word' id='word_1_25' title='bbox 207 784 306 856; x_wconf 83' lang='lat' dir='ltr'><strong>ceteri</strong></span> <span class='ocrx_word' id='word_1_26' title='bbox 334 785 559 868; x_wconf 85' lang='lat' dir='ltr'><strong>sequebantur.</strong></span> <span class='ocrx_word' id='word_1_27' title='bbox 599 782 780 843; x_wconf 84' lang='lat' dir='ltr'><strong>Alexander</strong></span> <span class='ocrx_word' id='word_1_28' title='bbox 801 783 1014 865; x_wconf 82' lang='lat' dir='ltr'><strong>Spitamenem</strong></span> <span class='ocrx_word' id='word_1_29' title='bbox 1044 794 1077 843; x_wconf 90' lang='lat' dir='ltr'><strong>et</strong></span> <span class='ocrx_word' id='word_1_30' title='bbox 1103 785 1208 844; x_wconf 71' lang='lat' dir='ltr'><strong>cate--</strong></span> 
     </span>
     <span class='ocr_line' id='line_1_6' title="bbox 206 862 1196 948; baseline 0 -24"><span class='ocrx_word' id='word_1_31' title='bbox 206 885 289 932; x_wconf 88' lang='lat' dir='ltr'><strong>nem,</strong></span> <span class='ocrx_word' id='word_1_32' title='bbox 312 885 329 924; x_wconf 96' lang='lat' dir='ltr'><strong>a</strong></span> <span class='ocrx_word' id='word_1_33' title='bbox 349 865 463 948; x_wconf 88' lang='lat' dir='ltr'><strong>quibus</strong></span> <span class='ocrx_word' id='word_1_34' title='bbox 488 867 518 926; x_wconf 91' lang='lat' dir='ltr'><strong>ei</strong></span> <span class='ocrx_word' id='word_1_35' title='bbox 546 862 680 924; x_wconf 88' lang='lat' dir='ltr'><strong>traditus</strong></span> <span class='ocrx_word' id='word_1_36' title='bbox 709 874 776 924; x_wconf 90' lang='lat' dir='ltr'><strong>erat</strong></span> <span class='ocrx_word' id='word_1_37' title='bbox 804 868 943 940; x_wconf 84' lang='lat' dir='ltr'><strong>Bessus,</strong></span> <span class='ocrx_word' id='word_1_38' title='bbox 968 863 1053 923; x_wconf 91' lang='lat' dir='ltr'><strong>baud</strong></span> <span class='ocrx_word' id='word_1_39' title='bbox 1078 863 1196 924; x_wconf 89' lang='lat' dir='ltr'><strong>dubius</strong></span> 
     </span>
     <span class='ocr_line' id='line_1_7' title="bbox 207 942 1196 1028; baseline -0.001 -24"><span class='ocrx_word' id='word_1_40' title='bbox 207 944 283 1027; x_wconf 92' lang='lat' dir='ltr'><strong>quin</strong></span> <span class='ocrx_word' id='word_1_41' title='bbox 308 965 421 1005; x_wconf 89' lang='lat' dir='ltr'><strong>eorum</strong></span> <span class='ocrx_word' id='word_1_42' title='bbox 443 966 541 1028; x_wconf 89' lang='lat' dir='ltr'><strong>opera</strong></span> <span class='ocrx_word' id='word_1_43' title='bbox 570 942 674 1026; x_wconf 81' lang='lat' dir='ltr'><strong>redigi</strong></span> <span class='ocrx_word' id='word_1_44' title='bbox 696 957 827 1024; x_wconf 84' lang='lat' dir='ltr'><strong>possent</strong></span> <span class='ocrx_word' id='word_1_45' title='bbox 847 945 878 1004; x_wconf 91' lang='lat' dir='ltr'><strong>in</strong></span> <span class='ocrx_word' id='word_1_46' title='bbox 899 954 1118 1026; x_wconf 74' lang='lat' dir='ltr'><strong>potestatem,</strong></span> <span class='ocrx_word' id='word_1_47' title='bbox 1140 943 1196 1028; x_wconf 91' lang='lat' dir='ltr'><strong>qui</strong></span> 
     </span>
    </p>

    <p class='ocr_par' dir='ltr' id='par_1_4' title="bbox 175 1022 1196 1725">
     <span class='ocr_line' id='line_1_8' title="bbox 175 1022 1196 1102; baseline -0.003 -16"><span class='ocrx_word' id='word_1_48' title='bbox 175 1038 405 1094; x_wconf 80' lang='lat' dir='ltr'><strong>a5novaverant</strong></span> <span class='ocrx_word' id='word_1_49' title='bbox 426 1047 488 1098; x_wconf 87' lang='lat' dir='ltr'><strong>res,</strong></span> <span class='ocrx_word' id='word_1_50' title='bbox 512 1022 602 1084; x_wconf 89' lang='lat' dir='ltr'><strong>iussit</strong></span> <span class='ocrx_word' id='word_1_51' title='bbox 623 1023 751 1084; x_wconf 86' lang='lat' dir='ltr'><strong>arcessi.</strong></span> <span class='ocrx_word' id='word_1_52' title='bbox 794 1026 837 1086; x_wconf 88' lang='lat' dir='ltr'><strong>At</strong></span> <span class='ocrx_word' id='word_1_53' title='bbox 860 1025 917 1102; x_wconf 86' lang='lat' dir='ltr'><strong>illt,</strong></span> <span class='ocrx_word' id='word_1_54' title='bbox 937 1023 1135 1094; x_wconf 83' lang='lat' dir='ltr'><strong>defectionis,</strong></span> <span class='ocrx_word' id='word_1_55' title='bbox 1156 1024 1196 1084; x_wconf 87' lang='lat' dir='ltr'><strong>ad</strong></span> 
     </span>
     <span class='ocr_line' id='line_1_9' title="bbox 206 1103 1196 1188; baseline 0 -24"><span class='ocrx_word' id='word_1_56' title='bbox 206 1126 301 1188; x_wconf 87' lang='lat' dir='ltr'><strong>quam</strong></span> <span class='ocrx_word' id='word_1_57' title='bbox 323 1107 533 1168; x_wconf 78' lang='lat' dir='ltr'><strong>coercendam</strong></span> <span class='ocrx_word' id='word_1_58' title='bbox 556 1103 782 1175; x_wconf 65' lang='lat' dir='ltr'><strong>emebantur,</strong></span> <span class='ocrx_word' id='word_1_59' title='bbox 807 1117 966 1182; x_wconf 86' lang='lat' dir='ltr'><strong>auctores,</strong></span> <span class='ocrx_word' id='word_1_60' title='bbox 986 1104 1196 1186; x_wconf 80' lang='lat' dir='ltr'><strong>vulgaverant</strong></span> 
     </span>
     <span class='ocr_line' id='line_1_10' title="bbox 206 1183 1195 1268; baseline 0.001 -23"><span class='ocrx_word' id='word_1_61' title='bbox 206 1190 339 1262; x_wconf 83' lang='lat' dir='ltr'><strong>t‘amam,</strong></span> <span class='ocrx_word' id='word_1_62' title='bbox 361 1187 546 1247; x_wconf 86' lang='lat' dir='ltr'><strong>Bactrianos</strong></span> <span class='ocrx_word' id='word_1_63' title='bbox 574 1183 699 1265; x_wconf 89' lang='lat' dir='ltr'><strong>equites</strong></span> <span class='ocrx_word' id='word_1_64' title='bbox 726 1204 742 1242; x_wconf 89' lang='lat' dir='ltr'><strong>a</strong></span> <span class='ocrx_word' id='word_1_65' title='bbox 768 1205 847 1268; x_wconf 78' lang='lat' dir='ltr'><strong>rege</strong></span> <span class='ocrx_word' id='word_1_66' title='bbox 875 1206 983 1247; x_wconf 89' lang='lat' dir='ltr'><strong>omnes</strong></span> <span class='ocrx_word' id='word_1_67' title='bbox 1011 1198 1047 1247; x_wconf 87' lang='lat' dir='ltr'><strong>ut</strong></span> <span class='ocrx_word' id='word_1_68' title='bbox 1068 1186 1195 1246; x_wconf 89' lang='lat' dir='ltr'><strong>occide·</strong></span> 
     </span>
     <span class='ocr_line' id='line_1_11' title="bbox 206 1265 1195 1347; baseline 0.001 -21"><span class='ocrx_word' id='word_1_69' title='bbox 206 1277 319 1327; x_wconf 85' lang='lat' dir='ltr'><strong>rentur</strong></span> <span class='ocrx_word' id='word_1_70' title='bbox 341 1267 474 1330; x_wconf 86' lang='lat' dir='ltr'><strong>arcessi:</strong></span> <span class='ocrx_word' id='word_1_71' title='bbox 497 1267 594 1347; x_wconf 90' lang='lat' dir='ltr'><strong>idque</strong></span> <span class='ocrx_word' id='word_1_72' title='bbox 611 1265 798 1344; x_wconf 89' lang='lat' dir='ltr'><strong>imperatum</strong></span> <span class='ocrx_word' id='word_1_73' title='bbox 819 1265 905 1346; x_wconf 90' lang='lat' dir='ltr'><strong>ipsis,</strong></span> <span class='ocrx_word' id='word_1_74' title='bbox 927 1285 989 1325; x_wconf 91' lang='lat' dir='ltr'><strong>non</strong></span> <span class='ocrx_word' id='word_1_75' title='bbox 1010 1266 1195 1327; x_wconf 87' lang='lat' dir='ltr'><strong>sustinuisse</strong></span> 
     </span>
     <span class='ocr_line' id='line_1_12' title="bbox 205 1343 1195 1427; baseline 0.004 -21"><span class='ocrx_word' id='word_1_76' title='bbox 205 1359 310 1406; x_wconf 87' lang='lat' dir='ltr'><strong>tamen</strong></span> <span class='ocrx_word' id='word_1_77' title='bbox 332 1346 473 1427; x_wconf 81' lang='lat' dir='ltr'><strong>exsequi,</strong></span> <span class='ocrx_word' id='word_1_78' title='bbox 492 1366 532 1406; x_wconf 91' lang='lat' dir='ltr'><strong>ne</strong></span> <span class='ocrx_word' id='word_1_79' title='bbox 552 1343 742 1424; x_wconf 84' lang='lat' dir='ltr'><strong>inexpiabile</strong></span> <span class='ocrx_word' id='word_1_80' title='bbox 755 1344 787 1403; x_wconf 92' lang='lat' dir='ltr'><strong>in</strong></span> <span class='ocrx_word' id='word_1_81' title='bbox 807 1345 980 1426; x_wconf 87' lang='lat' dir='ltr'><strong>populares</strong></span> <span class='ocrx_word' id='word_1_82' title='bbox 1000 1345 1120 1410; x_wconf 85' lang='lat' dir='ltr'><strong>facinus</strong></span> <span class='ocrx_word' id='word_1_83' title='bbox 1141 1350 1195 1410; x_wconf 90' lang='lat' dir='ltr'><strong>ad·</strong></span> 
     </span>
     <span class='ocr_line' id='line_1_13' title="bbox 206 1423 1195 1509; baseline 0.005 -23"><span class='ocrx_word' id='word_1_84' title='bbox 206 1428 380 1487; x_wconf 85' lang='lat' dir='ltr'><strong>mitterent.</strong></span> <span class='ocrx_word' id='word_1_85' title='bbox 414 1429 485 1487; x_wconf 91' lang='lat' dir='ltr'><strong>Non</strong></span> <span class='ocrx_word' id='word_1_86' title='bbox 502 1424 601 1506; x_wconf 82' lang='lat' dir='ltr'><strong>magis</strong></span> <span class='ocrx_word' id='word_1_87' title='bbox 617 1423 790 1483; x_wconf 85' lang='lat' dir='ltr'><strong>Alexandri</strong></span> <span class='ocrx_word' id='word_1_88' title='bbox 805 1425 977 1501; x_wconf 87' lang='lat' dir='ltr'><strong>saevitiam,</strong></span> <span class='ocrx_word' id='word_1_89' title='bbox 997 1449 1091 1509; x_wconf 91' lang='lat' dir='ltr'><strong>quam</strong></span> <span class='ocrx_word' id='word_1_90' title='bbox 1103 1431 1195 1492; x_wconf 89' lang='lat' dir='ltr'><strong>Bessi</strong></span> 
     </span>
     <span class='ocr_line' id='line_1_14' title="bbox 207 1503 1196 1590; baseline 0.006 -25"><span class='ocrx_word' id='word_1_91' title='bbox 207 1505 429 1590; x_wconf 82' lang='lat' dir='ltr'><strong>parricidium,</strong></span> <span class='ocrx_word' id='word_1_92' title='bbox 462 1505 552 1567; x_wconf 84' lang='lat' dir='ltr'><strong>ferre</strong></span> <span class='ocrx_word' id='word_1_93' title='bbox 602 1503 731 1563; x_wconf 87' lang='lat' dir='ltr'><strong>otuisse.</strong></span> <span class='ocrx_word' id='word_1_94' title='bbox 768 1506 880 1588; x_wconf 89' lang='lat' dir='ltr'><strong>ltaque</strong></span> <span class='ocrx_word' id='word_1_95' title='bbox 914 1526 970 1566; x_wconf 86' lang='lat' dir='ltr'><strong>sua</strong></span> <span class='ocrx_word' id='word_1_96' title='bbox 999 1520 1108 1588; x_wconf 87' lang='lat' dir='ltr'><strong>sponte</strong></span> <span class='ocrx_word' id='word_1_97' title='bbox 1133 1512 1196 1570; x_wconf 93' lang='lat' dir='ltr'><strong>iam</strong></span> 
     </span>
     <span class='ocr_line' id='line_1_15' title="bbox 206 1524 1195 1668; baseline 0.008 -24"><span class='ocrx_word' id='word_1_98' title='bbox 206 1597 310 1646; x_wconf 89' lang='lat' dir='ltr'><strong>motos</strong></span> <span class='ocrx_word' id='word_1_99' title='bbox 330 1596 419 1646; x_wconf 91' lang='lat' dir='ltr'><strong>metu</strong></span> <span class='ocrx_word' id='word_1_100' title='bbox 439 1605 562 1668; x_wconf 90' lang='lat' dir='ltr'><strong>poenae</strong></span> <span class='ocrx_word' id='word_1_101' title='bbox 579 1524 668 1645; x_wconf 73' lang='lat' dir='ltr'><strong>lraud</strong></span> <span class='ocrx_word' id='word_1_102' title='bbox 690 1581 865 1646; x_wconf 80' lang='lat' dir='ltr'><strong>difficulter</strong></span> <span class='ocrx_word' id='word_1_103' title='bbox 893 1585 1132 1650; x_wconf 87' lang='lat' dir='ltr'><strong>concitaverunt</strong></span> <span class='ocrx_word' id='word_1_104' title='bbox 1156 1591 1195 1653; x_wconf 90' lang='lat' dir='ltr'><strong>ad</strong></span> 
     </span>
     <span class='ocr_line' id='line_1_16' title="bbox 207 1687 336 1725; baseline -0.008 0"><span class='ocrx_word' id='word_1_105' title='bbox 207 1687 302 1725; x_wconf 87' lang='lat' dir='ltr'><strong>arma.</strong></span> <span class='ocrx_word' id='word_1_106' title='bbox 333 1703 336 1709; x_wconf 79' lang='lat'><strong>,</strong></span> 
     </span>
    </p>

    <p class='ocr_par' dir='ltr' id='par_1_5' title="bbox 167 1743 1257 2155">
     <span class='ocr_line' id='line_1_17' title="bbox 167 1743 1194 1833; baseline 0.009 -29"><span class='ocrx_word' id='word_1_107' title='bbox 167 1773 206 1833; x_wconf 67' lang='lat'><strong>97</strong></span> <span class='ocrx_word' id='word_1_108' title='bbox 289 1745 484 1820; x_wconf 85' lang='lat' dir='ltr'><strong>Alexander,</strong></span> <span class='ocrx_word' id='word_1_109' title='bbox 523 1744 760 1828; x_wconf 83' lang='lat' dir='ltr'><strong>transfugarum</strong></span> <span class='ocrx_word' id='word_1_110' title='bbox 796 1743 979 1806; x_wconf 82' lang='lat' dir='ltr'><strong>defectione</strong></span> <span class='ocrx_word' id='word_1_111' title='bbox 1019 1765 1194 1832; x_wconf 84' lang='lat' dir='ltr'><strong>comperta,</strong></span> 
     </span>
     <span class='ocr_line' id='line_1_18' title="bbox 208 1823 1195 1908; baseline 0.005 -25"><span class='ocrx_word' id='word_1_112' title='bbox 208 1826 376 1884; x_wconf 85' lang='lat' dir='ltr'><strong>Craterum</strong></span> <span class='ocrx_word' id='word_1_113' title='bbox 391 1825 542 1887; x_wconf 87' lang='lat' dir='ltr'><strong>obsidere</strong></span> <span class='ocrx_word' id='word_1_114' title='bbox 557 1825 741 1908; x_wconf 83' lang='lat' dir='ltr'><strong>Cyropolim</strong></span> <span class='ocrx_word' id='word_1_115' title='bbox 761 1823 865 1886; x_wconf 85' lang='lat' dir='ltr'><strong>iubet:</strong></span> <span class='ocrx_word' id='word_1_116' title='bbox 886 1826 955 1906; x_wconf 88' lang='lat' dir='ltr'><strong>ipse</strong></span> <span class='ocrx_word' id='word_1_117' title='bbox 973 1827 1063 1889; x_wconf 87' lang='lat' dir='ltr'><strong>aliam</strong></span> <span class='ocrx_word' id='word_1_118' title='bbox 1080 1833 1195 1896; x_wconf 83' lang='lat' dir='ltr'><strong>urbem</strong></span> 
     </span>
     <span class='ocr_line' id='line_1_19' title="bbox 206 1905 1257 1998; baseline 0.009 -36"><span class='ocrx_word' id='word_1_119' title='bbox 206 1905 345 1987; x_wconf 80' lang='lat' dir='ltr'><strong>regionis</strong></span> <span class='ocrx_word' id='word_1_120' title='bbox 369 1907 653 1967; x_wconf 83' lang='lat' dir='ltr'><strong>eiusdemcorona</strong></span> <span class='ocrx_word' id='word_1_121' title='bbox 677 1905 777 1998; x_wconf 81' lang='lat' dir='ltr'><strong>capit3</strong></span> <span class='ocrx_word' id='word_1_122' title='bbox 808 1906 975 1989; x_wconf 80' lang='lat' dir='ltr'><strong>signoque,</strong></span> <span class='ocrx_word' id='word_1_123' title='bbox 998 1921 1034 1970; x_wconf 92' lang='lat' dir='ltr'><strong>ut</strong></span> <span class='ocrx_word' id='word_1_124' title='bbox 1053 1911 1195 1992; x_wconf 84' lang='lat' dir='ltr'><strong>puberes</strong></span> <span class='ocrx_word' id='word_1_125' title='bbox 1252 1964 1257 1978; x_wconf 58' lang='lat'><strong>,</strong></span> 
     </span>
     <span class='ocr_line' id='line_1_20' title="bbox 204 1983 1195 2070; baseline 0.012 -28"><span class='ocrx_word' id='word_1_126' title='bbox 204 1983 470 2062; x_wconf 85' lang='lat' dir='ltr'><strong>interficerentur,</strong></span> <span class='ocrx_word' id='word_1_127' title='bbox 492 1987 581 2057; x_wconf 80' lang='lat' dir='ltr'><strong>dato,</strong></span> <span class='ocrx_word' id='word_1_128' title='bbox 604 1985 778 2070; x_wconf 74' lang='lat' dir='ltr'><strong>reliqut’in</strong></span> <span class='ocrx_word' id='word_1_129' title='bbox 801 1986 952 2067; x_wconf 88' lang='lat' dir='ltr'><strong>praedam</strong></span> <span class='ocrx_word' id='word_1_130' title='bbox 981 2009 1108 2052; x_wconf 85' lang='lat' dir='ltr'><strong>cessere</strong></span> <span class='ocrx_word' id='word_1_131' title='bbox 1130 1993 1195 2054; x_wconf 89' lang='lat' dir='ltr'><strong>vic-</strong></span> 
     </span>
     <span class='ocr_line' id='line_1_21' title="bbox 204 2063 1194 2155; baseline 0.01 -31"><span class='ocrx_word' id='word_1_132' title='bbox 204 2065 298 2125; x_wconf 88' lang='lat' dir='ltr'><strong>toris:</strong></span> <span class='ocrx_word' id='word_1_133' title='bbox 327 2067 402 2126; x_wconf 86' lang='lat' dir='ltr'><strong>urbs</strong></span> <span class='ocrx_word' id='word_1_134' title='bbox 424 2063 527 2127; x_wconf 88' lang='lat' dir='ltr'><strong>diruta</strong></span> <span class='ocrx_word' id='word_1_135' title='bbox 549 2079 620 2143; x_wconf 91' lang='lat' dir='ltr'><strong>est,</strong></span> <span class='ocrx_word' id='word_1_136' title='bbox 640 2079 677 2126; x_wconf 92' lang='lat' dir='ltr'><strong>ut</strong></span> <span class='ocrx_word' id='word_1_137' title='bbox 698 2067 798 2126; x_wconf 89' lang='lat' dir='ltr'><strong>ceteri</strong></span> <span class='ocrx_word' id='word_1_138' title='bbox 830 2067 926 2127; x_wconf 89' lang='lat' dir='ltr'><strong>cladis</strong></span> <span class='ocrx_word' id='word_1_139' title='bbox 956 2068 1023 2128; x_wconf 89' lang='lat' dir='ltr'><strong>eius</strong></span> <span class='ocrx_word' id='word_1_140' title='bbox 1046 2073 1194 2155; x_wconf 84' lang='lat' dir='ltr'><strong>exemplo</strong></span> 
     </span>
    </p>

    <p class='ocr_par' dir='ltr' id='par_1_6' title="bbox 171 2146 1196 2400">
     <span class='ocr_line' id='line_1_22' title="bbox 171 2146 1196 2242; baseline 0.006 -34"><span class='ocrx_word' id='word_1_141' title='bbox 171 2146 454 2214; x_wconf 74' lang='lat' dir='ltr'><strong>17continerentnr.</strong></span> <span class='ocrx_word' id='word_1_142' title='bbox 495 2147 688 2220; x_wconf 83' lang='lat' dir='ltr'><strong>Memaceni,</strong></span> <span class='ocrx_word' id='word_1_143' title='bbox 723 2147 827 2206; x_wconf 86' lang='lat' dir='ltr'><strong>valida</strong></span> <span class='ocrx_word' id='word_1_144' title='bbox 860 2166 956 2242; x_wconf 73' lang='lat' dir='ltr'><strong>gens,</strong></span> <span class='ocrx_word' id='word_1_145' title='bbox 986 2149 1196 2229; x_wconf 86' lang='lat' dir='ltr'><strong>obsidionem,</strong></span> 
     </span>
     <span class='ocr_line' id='line_1_23' title="bbox 196 2225 1196 2314; baseline 0.012 -32"><span class='ocrx_word' id='word_1_146' title='bbox 196 2245 267 2284; x_wconf 87' lang='lat' dir='ltr'><strong>non</strong></span> <span class='ocrx_word' id='word_1_147' title='bbox 295 2239 331 2286; x_wconf 91' lang='lat' dir='ltr'><strong>ut</strong></span> <span class='ocrx_word' id='word_1_148' title='bbox 364 2225 582 2289; x_wconf 88' lang='lat' dir='ltr'><strong>honestiorem</strong></span> <span class='ocrx_word' id='word_1_149' title='bbox 617 2227 714 2288; x_wconf 93' lang='lat' dir='ltr'><strong>modo</strong></span> <span class='ocrx_word' id='word_1_150' title='bbox 748 2225 806 2286; x_wconf 90' lang='lat' dir='ltr'><strong>sed</strong></span> <span class='ocrx_word' id='word_1_151' title='bbox 835 2238 930 2287; x_wconf 86' lang='lat' dir='ltr'><strong>ettam</strong></span> <span class='ocrx_word' id='word_1_152' title='bbox 960 2241 997 2289; x_wconf 91' lang='lat' dir='ltr'><strong>ut</strong></span> <span class='ocrx_word' id='word_1_153' title='bbox 1031 2232 1196 2314; x_wconf 87' lang='lat' dir='ltr'><strong>tutiorem,</strong></span> 
     </span>
     <span class='ocr_line' id='line_1_24' title="bbox 203 2303 1196 2400; baseline 0.01 -37"><span class='ocrx_word' id='word_1_154' title='bbox 203 2303 294 2367; x_wconf 82' lang='lat' dir='ltr'><strong>ferre</strong></span> <span class='ocrx_word' id='word_1_155' title='bbox 317 2307 539 2369; x_wconf 81' lang='lat' dir='ltr'><strong>decreverant.</strong></span> <span class='ocrx_word' id='word_1_156' title='bbox 585 2306 635 2367; x_wconf 89' lang='lat' dir='ltr'><strong>Ad</strong></span> <span class='ocrx_word' id='word_1_157' title='bbox 657 2328 795 2400; x_wconf 77' lang='lat' dir='ltr'><strong>quorum</strong></span> <span class='ocrx_word' id='word_1_158' title='bbox 821 2309 1029 2388; x_wconf 86' lang='lat' dir='ltr'><strong>pertinaciam</strong></span> <span class='ocrx_word' id='word_1_159' title='bbox 1053 2313 1196 2395; x_wconf 82' lang='lat' dir='ltr'><strong>mitigan-</strong></span> 
     </span>
    </p>
   </div>
   <div class='ocr_carea' id='block_1_3' title="bbox 169 2375 1195 2794">
    <p class='ocr_par' dir='ltr' id='par_1_7' title="bbox 169 2375 1195 2794">
     <span class='ocr_line' id='line_1_25' title="bbox 202 2375 1195 2486; baseline 0.012 -44"><span class='ocrx_word' id='word_1_160' title='bbox 202 2384 276 2444; x_wconf 83' lang='lat' dir='ltr'><strong>dam</strong></span> <span class='ocrx_word' id='word_1_161' title='bbox 297 2407 354 2446; x_wconf 85' lang='lat' dir='ltr'><strong>rex</strong></span> <span class='ocrx_word' id='word_1_162' title='bbox 376 2389 403 2446; x_wconf 92' lang='lat' dir='ltr'>L</span> <span class='ocrx_word' id='word_1_163' title='bbox 428 2375 553 2470; x_wconf 87' lang='lat' dir='ltr'><strong>equites</strong></span> <span class='ocrx_word' id='word_1_164' title='bbox 571 2387 751 2470; x_wconf 77' lang='lat' dir='ltr'><strong>praemisit,</strong></span> <span class='ocrx_word' id='word_1_165' title='bbox 770 2388 843 2470; x_wconf 50' lang='lat' dir='ltr'><strong>*qui</strong></span> <span class='ocrx_word' id='word_1_166' title='bbox 871 2389 1070 2451; x_wconf 89' lang='lat' dir='ltr'><strong>clementiam</strong></span> <span class='ocrx_word' id='word_1_167' title='bbox 1097 2393 1195 2486; x_wconf 90' lang='lat' dir='ltr'><strong>ipsius</strong></span> 
     </span>
     <span class='ocr_line' id='line_1_26' title="bbox 204 2464 1194 2562; baseline 0.011 -39"><span class='ocrx_word' id='word_1_168' title='bbox 204 2464 235 2524; x_wconf 94' lang='lat' dir='ltr'><strong>in</strong></span> <span class='ocrx_word' id='word_1_169' title='bbox 257 2465 382 2539; x_wconf 84' lang='lat' dir='ltr'><strong>deditos</strong></span> <span class='ocrx_word' id='word_1_170' title='bbox 404 2467 559 2562; x_wconf 87' lang='lat' dir='ltr'><strong>simulque</strong></span> <span class='ocrx_word' id='word_1_171' title='bbox 581 2467 807 2529; x_wconf 87' lang='lat' dir='ltr'><strong>inexorabilem</strong></span> <span class='ocrx_word' id='word_1_172' title='bbox 835 2468 969 2529; x_wconf 89' lang='lat' dir='ltr'><strong>animum</strong></span> <span class='ocrx_word' id='word_1_173' title='bbox 998 2470 1029 2530; x_wconf 90' lang='lat' dir='ltr'><strong>in</strong></span> <span class='ocrx_word' id='word_1_174' title='bbox 1050 2470 1194 2536; x_wconf 76' lang='lat' dir='ltr'><strong>dentatos</strong></span> 
     </span>
     <span class='ocr_line' id='line_1_27' title="bbox 169 2541 1195 2636; baseline 0.012 -34"><span class='ocrx_word' id='word_1_175' title='bbox 169 2546 420 2617; x_wconf 59' lang='lat' dir='ltr'><strong>mostenderent.</strong></span> <span class='ocrx_word' id='word_1_176' title='bbox 471 2549 520 2608; x_wconf 87' lang='lat' dir='ltr'><strong>lllr</strong></span> <span class='ocrx_word' id='word_1_177' title='bbox 547 2569 606 2609; x_wconf 90' lang='lat' dir='ltr'><strong>nec</strong></span> <span class='ocrx_word' id='word_1_178' title='bbox 636 2548 675 2608; x_wconf 89' lang='lat' dir='ltr'><strong>de</strong></span> <span class='ocrx_word' id='word_1_179' title='bbox 701 2541 764 2608; x_wconf 82' lang='lat' dir='ltr'><strong>lide</strong></span> <span class='ocrx_word' id='word_1_180' title='bbox 797 2568 857 2609; x_wconf 91' lang='lat' dir='ltr'><strong>nec</strong></span> <span class='ocrx_word' id='word_1_181' title='bbox 885 2547 926 2609; x_wconf 89' lang='lat' dir='ltr'><strong>de</strong></span> <span class='ocrx_word' id='word_1_182' title='bbox 946 2553 1088 2630; x_wconf 90' lang='lat' dir='ltr'><strong>potentia</strong></span> <span class='ocrx_word' id='word_1_183' title='bbox 1108 2554 1195 2636; x_wconf 82' lang='lat' dir='ltr'><strong>regis</strong></span> 
     </span>
     <span class='ocr_line' id='line_1_28' title="bbox 205 2625 1195 2710; baseline 0.01 -27"><span class='ocrx_word' id='word_1_184' title='bbox 205 2625 290 2706; x_wconf 89' lang='lat' dir='ltr'><strong>ipsos</strong></span> <span class='ocrx_word' id='word_1_185' title='bbox 312 2625 458 2688; x_wconf 90' lang='lat' dir='ltr'><strong>dubitare</strong></span> <span class='ocrx_word' id='word_1_186' title='bbox 482 2627 690 2710; x_wconf 88' lang='lat' dir='ltr'><strong>respondent,</strong></span> <span class='ocrx_word' id='word_1_187' title='bbox 725 2627 913 2710; x_wconf 86' lang='lat' dir='ltr'><strong>equitesque</strong></span> <span class='ocrx_word' id='word_1_188' title='bbox 940 2629 1074 2693; x_wconf 87' lang='lat' dir='ltr'><strong>tendere</strong></span> <span class='ocrx_word' id='word_1_189' title='bbox 1104 2645 1195 2694; x_wconf 87' lang='lat' dir='ltr'><strong>extra</strong></span> 
     </span>
     <span class='ocr_line' id='line_1_29' title="bbox 203 2702 1195 2794; baseline 0.008 -28"><span class='ocrx_word' id='word_1_190' title='bbox 203 2705 396 2768; x_wconf 89' lang='lat' dir='ltr'><strong>munimenta</strong></span> <span class='ocrx_word' id='word_1_191' title='bbox 416 2707 504 2770; x_wconf 90' lang='lat' dir='ltr'><strong>urbis</strong></span> <span class='ocrx_word' id='word_1_192' title='bbox 525 2708 655 2772; x_wconf 87' lang='lat' dir='ltr'><strong>iubent:</strong></span> <span class='ocrx_word' id='word_1_193' title='bbox 681 2707 884 2790; x_wconf 86' lang='lat' dir='ltr'><strong>hospitaliter</strong></span> <span class='ocrx_word' id='word_1_194' title='bbox 905 2702 1020 2772; x_wconf 85' lang='lat' dir='ltr'><strong>deinde</strong></span> <span class='ocrx_word' id='word_1_195' title='bbox 1041 2725 1195 2794; x_wconf 88' lang='lat' dir='ltr'><strong>exceptos</strong></span> 
     </span>
    </p>
   </div>
   <div class='ocr_carea' id='block_1_4' title="bbox 197 2909 1195 3524">
    <p class='ocr_par' dir='ltr' id='par_1_8' title="bbox 197 2909 1195 3189">
     <span class='ocr_line' id='line_1_30' title="bbox 260 2909 1195 2984; baseline 0 -22"><span class='ocrx_word' id='word_1_196' title='bbox 260 2909 300 2983; x_wconf 72' lang='grc'><strong>14)</strong></span> <span class='ocrx_word' id='word_1_197' title='bbox 318 2913 406 2980; x_wconf 76' lang='lat' dir='ltr'><strong>vulgo,</strong></span> <span class='ocrx_word' id='word_1_198' title='bbox 426 2918 505 2966; x_wconf 86' lang='lat' dir='ltr'><strong>etiam</strong></span> <span class='ocrx_word' id='word_1_199' title='bbox 521 2917 547 2966; x_wconf 88' lang='lat' dir='ltr'><strong>in</strong></span> <span class='ocrx_word' id='word_1_200' title='bbox 566 2915 585 2963; x_wconf 89' lang='lat' dir='ltr'>F</span> <span class='ocrx_word' id='word_1_201' title='bbox 588 2911 790 2976; x_wconf 80' lang='lat' dir='ltr'><strong>reinshcmiana,</strong></span> <span class='ocrx_word' id='word_1_202' title='bbox 807 2923 869 2981; x_wconf 91' lang='lat' dir='ltr'><strong>post</strong></span> <span class='ocrx_word' id='word_1_203' title='bbox 881 2932 904 2970; x_wconf 78' lang='lat' dir='ltr'><strong>v.</strong></span> <span class='ocrx_word' id='word_1_204' title='bbox 913 2922 1074 2984; x_wconf 83' lang='lat' dir='ltr'><strong>potestatem</strong></span> <span class='ocrx_word' id='word_1_205' title='bbox 1086 2912 1195 2964; x_wconf 84' lang='lat' dir='ltr'><strong>additur</strong></span> 
     </span>
     <span class='ocr_line' id='line_1_31' title="bbox 197 2979 1194 3052; baseline -0.001 -21"><span class='ocrx_word' id='word_1_206' title='bbox 197 2979 353 3036; x_wconf 78' lang='lat' dir='ltr'><strong>,coercendo</strong></span> <span class='ocrx_word' id='word_1_207' title='bbox 372 2999 418 3049; x_wconf 75' lang='lat' dir='ltr'><strong>eps</strong></span> <span class='ocrx_word' id='word_1_208' title='bbox 442 2983 515 3048; x_wconf 88' lang='lat' dir='ltr'><strong>quod</strong></span> <span class='ocrx_word' id='word_1_209' title='bbox 534 3001 614 3049; x_wconf 89' lang='lat' dir='ltr'><strong>quum</strong></span> <span class='ocrx_word' id='word_1_210' title='bbox 623 2981 696 3032; x_wconf 87' lang='lat' dir='ltr'><strong>Frsh.</strong></span> <span class='ocrx_word' id='word_1_211' title='bbox 714 2983 860 3048; x_wconf 88' lang='lat' dir='ltr'><strong>damnaret,</strong></span> <span class='ocrx_word' id='word_1_212' title='bbox 878 2992 908 3034; x_wconf 88' lang='lat' dir='ltr'><strong>ut</strong></span> <span class='ocrx_word' id='word_1_213' title='bbox 923 3001 955 3034; x_wconf 82' lang='lat' dir='ltr'><strong>ex</strong></span> <span class='ocrx_word' id='word_1_214' title='bbox 970 3003 1043 3052; x_wconf 86' lang='lat' dir='ltr'><strong>seqq.</strong></span> <span class='ocrx_word' id='word_1_215' title='bbox 1055 2987 1194 3044; x_wconf 85' lang='lat' dir='ltr'><strong>intrusum,</strong></span> 
     </span>
     <span class='ocr_line' id='line_1_32' title="bbox 205 3049 1195 3121; baseline 0.001 -23"><span class='ocrx_word' id='word_1_216' title='bbox 205 3050 341 3116; x_wconf 84' lang='lat' dir='ltr'><strong>Zumptins</strong></span> <span class='ocrx_word' id='word_1_217' title='bbox 361 3066 375 3099; x_wconf 88' lang='lat' dir='ltr'><strong>e</strong></span> <span class='ocrx_word' id='word_1_218' title='bbox 393 3058 465 3100; x_wconf 85' lang='lat' dir='ltr'><strong>textu</strong></span> <span class='ocrx_word' id='word_1_219' title='bbox 485 3053 635 3101; x_wconf 86' lang='lat' dir='ltr'><strong>eliminavit.</strong></span> <span class='ocrx_word' id='word_1_220' title='bbox 671 3055 712 3089; x_wconf 86' lang='grc'><strong>-“</strong></span> <span class='ocrx_word' id='word_1_221' title='bbox 736 3049 804 3099; x_wconf 85' lang='lat' dir='ltr'><strong>Edd.</strong></span> <span class='ocrx_word' id='word_1_222' title='bbox 826 3051 891 3118; x_wconf 91' lang='lat' dir='ltr'><strong>qdd.</strong></span> <span class='ocrx_word' id='word_1_223' title='bbox 917 3056 966 3121; x_wconf 84' lang='lat' dir='ltr'><strong>qui</strong></span> <span class='ocrx_word' id='word_1_224' title='bbox 987 3061 1143 3111; x_wconf 59' lang='lat' dir='ltr'><strong>moveram</strong></span> <span class='ocrx_word' id='word_1_225' title='bbox 1160 3052 1195 3102; x_wconf 80' lang='lat' dir='ltr'><strong>al.</strong></span> 
     </span>
     <span class='ocr_line' id='line_1_33' title="bbox 206 3118 1153 3189; baseline 0.002 -23"><span class='ocrx_word' id='word_1_226' title='bbox 206 3118 291 3166; x_wconf 87' lang='lat' dir='ltr'><strong>omitt.</strong></span> <span class='ocrx_word' id='word_1_227' title='bbox 311 3134 353 3164; x_wconf 84' lang='lat' dir='ltr'><strong>res</strong></span> <span class='ocrx_word' id='word_1_228' title='bbox 370 3127 434 3185; x_wconf 87' lang='lat' dir='ltr'><strong>post</strong></span> <span class='ocrx_word' id='word_1_229' title='bbox 451 3130 629 3167; x_wconf 73' lang='lat' dir='ltr'><strong>narraverant.</strong></span> <span class='ocrx_word' id='word_1_230' title='bbox 648 3146 680 3155; x_wconf 96' lang='lat'>—</span> <span class='ocrx_word' id='word_1_231' title='bbox 698 3121 733 3168; x_wconf 90' lang='lat' dir='ltr'><strong>al.</strong></span> <span class='ocrx_word' id='word_1_232' title='bbox 752 3121 888 3182; x_wconf 84' lang='lat' dir='ltr'><strong>arcessiri,</strong></span> <span class='ocrx_word' id='word_1_233' title='bbox 900 3123 970 3172; x_wconf 59' lang='lat' dir='ltr'><strong>‘item</strong></span> <span class='ocrx_word' id='word_1_234' title='bbox 987 3123 1068 3189; x_wconf 86' lang='lat' dir='ltr'><strong>paulo</strong></span> <span class='ocrx_word' id='word_1_235' title='bbox 1083 3127 1153 3188; x_wconf 88' lang='lat' dir='ltr'><strong>post.</strong></span> 
     </span>
    </p>

    <p class='ocr_par' dir='ltr' id='par_1_9' title="bbox 207 3183 1194 3372">
     <span class='ocr_line' id='line_1_34' title="bbox 257 3183 1193 3256; baseline 0.005 -22"><span class='ocrx_word' id='word_1_236' title='bbox 257 3183 299 3252; x_wconf 81' lang='lat'><strong>15)</strong></span> <span class='ocrx_word' id='word_1_237' title='bbox 318 3186 358 3235; x_wconf 88' lang='lat' dir='ltr'><strong>Fl.</strong></span> <span class='ocrx_word' id='word_1_238' title='bbox 375 3186 452 3236; x_wconf 89' lang='lat' dir='ltr'><strong>Leid.</strong></span> <span class='ocrx_word' id='word_1_239' title='bbox 472 3187 548 3236; x_wconf 88' lang='lat' dir='ltr'><strong>Voss.</strong></span> <span class='ocrx_word' id='word_1_240' title='bbox 573 3203 595 3238; x_wconf 88' lang='lat'><strong>1.</strong></span> <span class='ocrx_word' id='word_1_241' title='bbox 615 3192 638 3240; x_wconf 80' lang='lat'><strong>2.</strong></span> <span class='ocrx_word' id='word_1_242' title='bbox 658 3201 719 3236; x_wconf 88' lang='lat' dir='ltr'><strong>cnm</strong></span> <span class='ocrx_word' id='word_1_243' title='bbox 735 3185 802 3236; x_wconf 88' lang='lat' dir='ltr'><strong>Edd.</strong></span> <span class='ocrx_word' id='word_1_244' title='bbox 819 3198 880 3241; x_wconf 87' lang='lat' dir='ltr'><strong>vett.</strong></span> <span class='ocrx_word' id='word_1_245' title='bbox 891 3188 985 3256; x_wconf 77' lang='lat' dir='ltr'><strong>faama.</strong></span> <span class='ocrx_word' id='word_1_246' title='bbox 1010 3217 1043 3228; x_wconf 84' lang='lat'>-</span> <span class='ocrx_word' id='word_1_247' title='bbox 1060 3189 1148 3240; x_wconf 82' lang='lat' dir='ltr'><strong>‘Voss.</strong></span> <span class='ocrx_word' id='word_1_248' title='bbox 1166 3201 1193 3239; x_wconf 70' lang='grc' dir='ltr'><strong>α.</strong></span> 
     </span>
     <span class='ocr_line' id='line_1_35' title="bbox 207 3247 1194 3327; baseline 0.003 -25"><span class='ocrx_word' id='word_1_249' title='bbox 207 3250 360 3302; x_wconf 82' lang='lat' dir='ltr'><strong>occiderent</strong></span> <span class='ocrx_word' id='word_1_250' title='bbox 378 3264 404 3304; x_wconf 92' lang='lat' dir='ltr'><strong>et</strong></span> <span class='ocrx_word' id='word_1_251' title='bbox 422 3257 513 3321; x_wconf 91' lang='lat' dir='ltr'><strong>paullo</strong></span> <span class='ocrx_word' id='word_1_252' title='bbox 532 3263 593 3320; x_wconf 88' lang='lat' dir='ltr'><strong>post</strong></span> <span class='ocrx_word' id='word_1_253' title='bbox 611 3252 798 3304; x_wconf 69' lang='lat' dir='ltr'><strong>(admitteretur</strong></span> <span class='ocrx_word' id='word_1_254' title='bbox 804 3273 815 3317; x_wconf 88' lang='lat'><strong>,·</strong></span> <span class='ocrx_word' id='word_1_255' title='bbox 834 3258 905 3307; x_wconf 86' lang='lat' dir='ltr'><strong>idem</strong></span> <span class='ocrx_word' id='word_1_256' title='bbox 919 3247 1030 3327; x_wconf 79' lang='lat' dir='ltr'><strong>iamque¹</strong></span> <span class='ocrx_word' id='word_1_257' title='bbox 1043 3267 1115 3306; x_wconf 83' lang='lat' dir='ltr'><strong>metu</strong></span> <span class='ocrx_word' id='word_1_258' title='bbox 1129 3273 1194 3325; x_wconf 84' lang='lat' dir='ltr'><strong>poe-</strong></span> 
     </span>
     <span class='ocr_line' id='line_1_36' title="bbox 207 3334 368 3372; baseline -0.025 0"><span class='ocrx_word' id='word_1_259' title='bbox 207 3339 257 3372; x_wconf 80' lang='lat' dir='ltr'><strong>tanc</strong></span> <span class='ocrx_word' id='word_1_260' title='bbox 273 3334 368 3370; x_wconf 87' lang='lat' dir='ltr'><strong>motos.</strong></span> 
     </span>
    </p>

    <p class='ocr_par' dir='ltr' id='par_1_10' title="bbox 258 3385 1142 3462">
     <span class='ocr_line' id='line_1_37' title="bbox 258 3385 1142 3462; baseline 0.007 -26"><span class='ocrx_word' id='word_1_261' title='bbox 258 3393 303 3452; x_wconf 83' lang='lat'><strong>16)</strong></span> <span class='ocrx_word' id='word_1_262' title='bbox 323 3389 400 3438; x_wconf 88' lang='lat' dir='ltr'><strong>Voss.</strong></span> <span class='ocrx_word' id='word_1_263' title='bbox 421 3391 445 3440; x_wconf 72' lang='lat' dir='ltr'><strong>Q.</strong></span> <span class='ocrx_word' id='word_1_264' title='bbox 463 3385 624 3439; x_wconf 82' lang='lat' dir='ltr'><strong>victoribus.</strong></span> <span class='ocrx_word' id='word_1_265' title='bbox 642 3414 674 3422; x_wconf 92' lang='lat'><em>-</em></span> <span class='ocrx_word' id='word_1_266' title='bbox 692 3387 767 3442; x_wconf 84' lang='lat' dir='ltr'><strong>Frsh.</strong></span> <span class='ocrx_word' id='word_1_267' title='bbox 788 3393 872 3448; x_wconf 81' lang='lat' dir='ltr'><strong>omitt,</strong></span> <span class='ocrx_word' id='word_1_268' title='bbox 891 3393 946 3442; x_wconf 83' lang='lat' dir='ltr'><strong>eius</strong></span> <span class='ocrx_word' id='word_1_269' title='bbox 963 3402 1024 3462; x_wconf 82' lang='lat' dir='ltr'><strong>post</strong></span> <span class='ocrx_word' id='word_1_270' title='bbox 1043 3391 1142 3444; x_wconf 79' lang='lat' dir='ltr'><strong>clodis.</strong></span> 
     </span>
    </p>

    <p class='ocr_par' dir='ltr' id='par_1_11' title="bbox 260 3455 768 3524">
     <span class='ocr_line' id='line_1_38' title="bbox 260 3455 768 3524; baseline 0.004 -21"><span class='ocrx_word' id='word_1_271' title='bbox 260 3456 302 3522; x_wconf 70' lang='lat'><strong>18)</strong></span> <span class='ocrx_word' id='word_1_272' title='bbox 323 3472 373 3521; x_wconf 86' lang='lat' dir='ltr'><strong>pro</strong></span> <span class='ocrx_word' id='word_1_273' title='bbox 387 3458 510 3524; x_wconf 81' lang='lat' dir='ltr'><strong>potentio</strong></span> <span class='ocrx_word' id='word_1_274' title='bbox 528 3455 602 3506; x_wconf 77' lang='lat' dir='ltr'><strong>Mod,</strong></span> <span class='ocrx_word' id='word_1_275' title='bbox 622 3455 768 3512; x_wconf 78' lang='lat' dir='ltr'><strong>clementio,</strong></span> 
     </span>
    </p>
   </div>
   <div class='ocr_carea' id='block_1_5' title="bbox 0 0 1348 3876">
    <p class='ocr_par' dir='ltr' id='par_1_12' title="bbox 0 0 1348 3876">
     <span class='ocr_line' id='line_1_39' title="bbox 0 0 1348 3876; baseline 0 0"><span class='ocrx_word' id='word_1_276' title='bbox 0 0 1348 3876; x_wconf 95' lang='lat' dir='ltr'><strong> </strong></span> 
     </span>
    </p>
   </div>
  </div>
 </body>
</html>
