2686 3876
454 325 642 380 occasus
661 325 915 386 mrx.vu1.·-2s.
1050 333 1062 339 ··
1149 324 1210 392 sr‘

178 470 266 550 ginta
287 465 449 549 sestertia,
482 470 688 548 collaudatis,
709 471 815 557 quod,
846 473 943 539 etiam
968 479 1036 541 ulils
1063 477 1179 542 tradita

166 551 260 624 -vice,
282 553 391 613 tamen
410 553 569 628 excubare
589 567 861 634 perseverassent.

256 631 305 690 Illi
331 643 416 692 tanta
445 653 503 712 spe
531 633 676 693 destituti
703 634 816 695 domos
845 635 972 698 abeunt.
1013 639 1056 696 Et
1077 635 1234 706 cesaries

165 707 306 791 Lquidem
329 711 555 792 exspectabant
575 713 719 773 stationis
740 733 815 772 suae
828 727 973 776 noctem:
995 717 1179 797 Epimenes,
1226 729 1228 735 '

167 791 244 850 ¹sive
267 791 413 850 comitate
435 792 538 872 regis,
560 813 622 874 qua
643 793 746 874 ipsum
774 793 857 852 inter
885 797 1066 858 coniuratos
1087 813 1180 860 exce-

175 880 280 950 perat,
303 882 439 950 repente
459 873 609 946 mutatus,
630 873 699 931 sive
719 871 791 956 quia
808 873 931 952 coeptis
946 876 1035 935 Deos
1051 877 1180 940 obstare

166 948 343 1022 credebat,
364 949 458 1009 fratri
478 969 536 1010 suo
558 951 754 1029 Eurylocho,
779 969 873 1034 quem
896 963 985 1012 antes
1014 969 1180 1036 expertem

166 1047 249 1088 esse
271 1029 394 1088 consilii
412 1030 567 1106 voluerat,
588 1030 664 1112 quid
685 1041 864 1116 pararetur,
884 1032 997 1111 aperit.
1023 1033 1221 1097 Omnibuszs

167 1105 323 1167 -Philotae
354 1109 545 1189 supplicium
570 1109 604 1168 in
636 1111 735 1170 oculis
765 1121 845 1173 erat.
891 1110 1003 1192 ltaque
1033 1119 1180 1194 protinus

169 1186 277 1246 ini-icit
310 1186 403 1246 fratri
424 1209 566 1264 manum,
594 1200 628 1250 et
651 1191 683 1249 in
702 1189 824 1270 regiam
848 1192 998 1270 peruenit
1019 1193 1181 1252 excitatis·

176 1287 239 1348 quc
263 1265 446 1326 custodibus
473 1269 639 1348 corporis,
665 1269 709 1328 ad
738 1269 871 1328 salutem
907 1270 994 1352 regis
1013 1271 1179 1352 pertinere

94 1365 97 1376 “
166 1365 258 1428 quae
280 1343 424 1421 atlerret,
445 1344 593 1407 affirmat.
635 1350 678 1408 Et
701 1359 844 1440 tempus,
866 1368 931 1430 quo
952 1363 1125 1420 venerant,
1148 1363 1221 1412 etta

167 1425 284 1485 uultus
304 1423 390 1486 haud
415 1447 488 1486 sane
516 1427 624 1487 securi
654 1427 747 1488 animi
773 1427 884 1502 ruder,
915 1439 948 1488 et
976 1430 1132 1492 maestitia
1160 1451 1182 1492 e

167 1503 302 1565 duobus
326 1505 467 1578 alterius,
489 1507 712 1566 Ptolemaeum
734 1525 770 1566 ec
798 1508 998 1567 Leonnatum
1023 1510 1179 1570 excuban-

165 1595 225 1648 'tes
255 1583 303 1664 ad,
325 1584 463 1644 cubiculi
492 1585 587 1644 limen
625 1585 852 1646 excitaverunt.
900 1588 1032 1668 Itaque,
1061 1589 1178 1670 apertis

166 1661 301 1724 floribus
324 1676 357 1723 et
377 1664 495 1723 lumine
515 1663 624 1738 illato,
654 1666 794 1746 sopitum
820 1683 911 1724 mero
935 1685 971 1724 ec
992 1687 1103 1728 somno
1125 1689 1179 1730 ex·

166 1735 412 1836 -citant'regem,
458 1743 516 1802 llle
538 1743 691 1824 paulatim
711 1752 817 1802 mente
847 1743 1001 1819 collecta,
1030 1745 1107 1826 quid
1129 1745 1176 1807 af·

169 1823 518 1901 derrent,1nterrogat.
546 1824 614 1880 Nec
635 1832 800 1881 cunctatus
821 1821 1033 1899 Eurylochus,
1054 1844 1117 1884 non
1139 1839 1219 1889 ent

169 1913 246 1964 toto
269 1901 399 1962 domum
421 1921 509 1960 suam
532 1901 672 1960 aversari
689 1902 778 1960 Deos
800 1897 889 1973 dixit,
912 1900 985 1982 quia
1006 1901 1107 1962 l'rater
1129 1904 1176 1984 ip-

175 1983 251 2057 sius,
273 1983 465 2063 quamquam
486 1979 618 2059 impium
640 1979 762 2040 lacinus
784 1997 878 2051 ausus
899 1977 996 2054 l’oret,
1017 1983 1124 2040 tamen
1142 1994 1179 2042 et

172 2061 402 2141 poenitentiam
418 2060 484 2120 eius
500 2071 618 2140 egeret,
635 2072 668 2120 et
676 2077 779 2140 perse
794 2057 992 2138 potissimum
1009 2057 1178 2140 profitere-

170 2151 229 2202 tur
247 2138 410 2201 indicium.
451 2142 486 2198 ln
507 2160 576 2199 eam
598 2139 698 2220 ipsam
718 2149 864 2212 noctem,
886 2157 968 2220 quae
990 2138 1179 2218 decederet,

170 2219 300 2280 insidias
329 2233 527 2301 comparatas
559 2219 684 2297 fuisse,
722 2229 870 2278 auctores
899 2218 1028 2278 scelesti
1056 2220 1178 2283 consilii

102 2369 105 2372 ,
174 2309 266 2376 csse,
303 2319 386 2382 quos
420 2300 547 2358 minime
584 2301 735 2364 ,crederet
771 2317 837 2356 rex.
890 2299 1212 2380 TumEpimenesct
1314 2351 1316 2362 ,

169 2389 289 2444 ,cuncta
308 2378 422 2438 ordine
445 2378 712 2462 consciorumque
730 2377 864 2456 ,nomina
885 2378 1023 2456 exponit.
1056 2380 1177 2440 Callist-

174 2455 278 2518 henen
309 2454 371 2518 nori
398 2469 436 2518 ut
466 2458 655 2539 participem
690 2456 841 2517 facinoris
876 2455 1070 2518 nominatum
1098 2477 1177 2519 esse

176 2537 358 2614 constabat,
381 2537 439 2596 sed
460 2536 587 2596 solitum
618 2555 795 2618 puerorum
825 2532 1024 2595 sermonibus
1052 2538 1190 2674 'nimpe'

175 2615 312 2672 rentium
334 2615 628 2697 criminantiumque
651 2637 766 2696 regem
786 2611 903 2671 faciles
925 2631 1018 2696 eures
1042 2634 1119 2698 prae
1145 2633 1177 2674 e·

176 2711 222 2750 re.
246 2692 381 2768 Quidam
405 2692 566 2770 adiiciunt,
588 2717 660 2756 cum
680 2689 874 2754 Hermolaus
897 2687 981 2766 apud
1003 2711 1075 2750 eum
1119 2712 1213 2760 noas

178 2769 243 2850 que
269 2769 472 2831 verberatum
493 2792 527 2831 se
548 2794 566 2834 a
586 2794 665 2856 rege
686 2777 892 2859 quereretur,
917 2765 1032 2830 dixisse
1053 2713 1182 2853 callist-¹

200 2896 373 2913 m
386 2899 387 2902 ¹

178 2972 182 2988 “
233 2964 273 3033 19)
291 2964 367 3019 Frsh.
388 2961 609 3032 collaudansque
628 2972 698 3012 auct.
718 2971 785 3028 optt.
806 2961 914 3028 Codd.;
937 2963 1013 3028 vulgo
1032 2959 1178 3012 cclltmda*

143 3026 147 3039 ⁸
176 3035 261 3105 tique.
280 3035 389 3098 Zumpt.
408 3041 516 3082 secutus
535 3040 574 3081 est
592 3029 659 3082 Cod.
677 3029 793 3080 Tlreocr.
861 3068 866 3076 .
1034 3077 1038 3085 ,
1112 3083 1116 3096 )

225 3115 259 3152 no
291 3099 368 3155 Leid.
391 3098 563 3150 credebatur.
583 3125 615 3144 ,-
637 3097 715 3146 Voss.
734 3103 757 3150 2.
779 3098 808 3147 P.
826 3103 928 3165 transp.
951 3095 1063 3171 corasilr’i
1078 3109 1142 3145 esse.
1172 3152 1175 3157 ,

227 3187 259 3220 22
293 3173 376 3234 Bong.
395 3184 489 3217 samua
508 3181 540 3214 nc
558 3183 634 3230 mero
649 3173 715 3218 mut.
737 3165 796 3214 ord.
834 3181 838 3187 ·
1149 3166 1164 3180 ⁴*

227 3239 271 3306 23)
291 3235 440 3288 aduersari
459 3236 536 3285 Voss.
555 3249 579 3282 a.
599 3261 631 3270 -
650 3234 685 3286 al.
709 3249 778 3302 quae
796 3229 941 3300 detegeret.
1111 3287 1113 3294 ,

225 3307 268 3374 25)
292 3307 371 3358 Voss.
400 3321 422 3355 r.
446 3311 546 3370 trausp.
574 3311 733 3370 quereretur
753 3317 770 3350 a
799 3303 874 3368 rege*
921 3327 954 3339 ·-
988 3291 1066 3348 Frsb.
1096 3291 1177 3378 idque

175 3373 281 3445 arrad.
414 3412 435 3424 -,
625 3427 630 3454 ,γ
726 3449 728 3455 y
1106 3446 1109 3454 Α

227 3467 343 3534 Curtius.
361 3461 409 3515 ΙΙΙ.
470 3506 473 3518 ,
887 3532 889 3541 ¹
960 3460 978 3512 6
1074 3467 1076 3472 ‘
