2686 3876
411 370 458 422 os
477 367 600 420 cesrss
619 367 720 420 mun.
740 365 798 446 vn,
816 382 858 417 ῃ.
1110 371 1143 422 25

151 519 309 582 sustinere
339 537 441 593 arms,
479 537 550 580 non·
573 511 699 596 ingredi
729 523 895 594 poterant3
913 525 954 578 et
982 513 1166 578 feliciores-

151 599 354 676 ridebantur,
375 615 456 693 quos
478 617 558 679 equs
579 593 760 664 defecerat,
772 613 853 656 'cum
873 596 933 678 ipsi
953 595 1020 658 sine
1048 595 1144 658 medo

148 680 286 742 infusam
315 691 438 741 vomitu
469 684 664 758 cogerentur
692 693 836 754 egerere.
873 677 1009 740 Anxium
1039 688 1187 758 regenne

126 779 127 782 ’
149 761 245 822 tantis
265 759 353 820 malis
375 757 559 821 circumfusi
580 754 751 830 amici‚.ut
774 756 967 818 meminisset
987 756 1053 833 sui,
1074 777 1144 818 ore·

147 838 241 917 bout3
273 839 368 901 animi
396 837 446 900 sui
473 834 721 918 magnitudinem
745 833 872 896 unicum
891 837 1067 898 remedium
1088 835 1146 898 de-

148 919 283 984 ficientis
306 920 466 982 exercitus
488 935 576 978 esse:
598 935 670 976 cum
689 914 804 990 erbis,
827 914 882 998 qui
905 927 1185 996 praecesscrantso

132 1000 191 1076 ‘sd
212 1001 401 1082 capiendum
430 998 536 1059 locum
566 995 694 1063 castris,
731 995 795 1058 duo
824 1009 996 1058 occurrunt
1020 996 1144 1058 utribus

149 1103 265 1165 aqum
285 1091 455 1163 gestantes,
476 1088 512 1138 ut
534 1075 605 1136 filiis
625 1075 705 1150 suis,
730 1096 811 1159 quos
834 1075 865 1135 in
887 1075 1001 1136 eodem
1023 1076 1145 1158 agmine

149 1182 220 1222 esse
240 1171 276 1222 et
297 1181 394 1241 aegre
415 1158 480 1239 pati
500 1156 583 1218 sitim
606 1177 670 1218 non
691 1156 896 1238 ignorabant,
923 1169 1144 1218 occurrerent.

150 1242 218 1326 Qui
239 1261 311 1302 cum
331 1240 363 1300 in
378 1259 488 1320 regem
504 1236 703 1313 incidissent,
724 1237 805 1298 alter
826 1259 865 1299 ex
885 1235 943 1310 his,
968 1247 1038 1296 utre
1059 1252 1182 1296 reso-ss

150 1321 230 1398 luto,
255 1340 319 1393 vas,
340 1319 426 1402 quod
446 1319 538 1380 simul
558 1316 695 1385 ferebat,
719 1317 849 1398 impiet,
874 1317 1042 1400 porrigens
1063 1316 1143 1409 regi.

152 1401 212 1460 lile
232 1399 345 1481 accipit
352 1420 361 1477 3
383 1411 587 1483 percontatus
610 1397 726 1482 quibus
740 1419 852 1480 aquam
876 1394 1146 1480 po1·taront‚iibis

151 1479 243 1542 serre
270 1483 443 1542 cosnosoit.
486 1484 576 1540 'func
608 1478 727 1560 poculo
783 1479 873 1550 leno,
900 1478 982 1540 sicut
1003 1476 1181 1540 oblatum¹²

151 1574 220 1639 est,
240 1527 380 1638 reddito,
403 1565 469 1622 Nec
490 1561 597 1628 seius,
626 1557 738 1640 inquit,
759 1500 872 1636 bibere
899 1559 1056 1634 sustineo,
1086 1577 1146 1618 nec

149 1653 215 1702 tam
236 1642 386 1724 exiguum
407 1640 552 1702 dividere
573 1639 718 1700 omnibus
745 1658 886 1719 possum.
927 1640 994 1702 Vos
1015 1640 1147 1714 currite,
1189 1659 1195 1664 ·

151 1733 186 1797 et
205 1722 314 1782 liberis
336 1723 464 1795 vestris,
488 1719 575 1802 quod
596 1729 733 1799 propter
754 1719 825 1778 illos
847 1719 1004 1792 attulistis,
1029 1720 1113 1780 date.

162 1851 166 1856 .
201 1848 208 1854 .
231 1800 372 1862 Tandem
387 1798 556 1870 edilumen
572 1797 677 1859 Oxum
693 1798 761 1876 ipse
783 1799 932 1876 pervenit
953 1801 1055 1879 prima
1076 1799 1186 1874 ibren

152 1900 300 1971 vespera.
328 1879 396 1938 Sed
417 1877 576 1938 exercitus
596 1897 706 1957 magna
726 1896 798 1967 pars
822 1898 883 1936 non
906 1890 1054 1957 potuerat
1075 1898 1148 1938 oon-

154 1979 266 2042 seqm:
301 1959 331 2018 in
365 1959 452 2020 edito
482 1969 591 2018 monte
619 1957 707 2038 ignes
733 1953 822 2016 subet
845 1954 930 2034 ficri,
956 1969 992 2016 ut
1016 1957 1065 2032 bi,
1094 1956 1149 2038 qui

152 2059 252 2122 aegre
280 2038 516 2122 sequebantur,
545 2033 629 2096 haud
654 2035 768 2117 procul
797 2036 1017 2117 castrisaeipsos
1038 2037 1149 2098 abesse

153 2131 398 2200 eognoscerent.
432 2119 498 2178 Eos
526 2128 650 2185 autem,
680 2117 736 2200 qui
762 2117 856 2198 primi
885 2117 1015 2199 agminis
1048 2128 1185 2186 erantne

151 2211 275 2260 mature
297 2199 372 2264 cibc
392 2219 428 2260 ac
449 2197 581 2280 potione
602 2197 759 2274 firmatos,
788 2197 921 2278 impiere
947 2198 1024 2260 alios
1050 2211 1149 2274 utres,

152 2281 230 2342 alios
252 2300 342 2360 vasa,
370 2279 614 2365 quibuscunque
636 2302 716 2363 aqua
740 2279 862 2360 portari
892 2291 1020 2360 posset,
1048 2279 1149 2356 iussit,

148 2445 344 2459 ——n-

220 2521 249 2580 8)
269 2523 297 2571 P.
323 2530 423 2590 transp,
442 2530 571 2590 poteraut
590 2517 749 2587 ingredi—
768 2519 846 2570 Voss.
867 2534 890 2570 2.
911 2536 993 2588 quum
1011 2519 1023 2567 i
1027 2537 1045 2587 p
1055 2516 1085 2566 s‘i
1091 2537 1113 2567 s.

216 2590 244 2656 9)
264 2593 297 2639 ai.
321 2592 407 2640 omitt.
428 2591 474 2638 sni
488 2597 549 2657 post
568 2591 751 2650 meminissent,
780 2591 863 2651 maie3
890 2605 931 2638 vs.
958 2599 988 2637 ut
1012 2603 1084 2636 ntem.
1107 2586 1153 2634 sui

153 2655 235 2706 verba
254 2661 401 2708 amicorum
420 2659 478 2726 ipsa
493 2665 569 2720 sunt,
588 2659 748 2724 quibuscum
767 2654 973 2724 sequentia'per
992 2655 1151 2721 epexegesin

155 2734 361 2775 connectuntur.

211 2795 253 2852 ιο)
271 2792 414 2857 Frsb.iis‚
436 2795 552 2861 itemque
575 2793 668 2861 paullo
690 2799 761 2858 post.
777 2821 808 2830 -
831 2799 898 2858 optt.
925 2787 1013 2840 Codd.
1036 2805 1148 2856 proces-

155 2867 269 2920 serant,·
286 2859 322 2912 ci.
341 2861 474 2910 Drakenb.
493 2861 526 2910 ad
545 2862 598 2910 Liv.
617 2861 664 2922 lx,
685 2871 726 2918 10,
747 2873 772 2923 7.
793 2867 818 2910 et
838 2858 872 2908 ad
884 2858 978 2908 Silium
991 2857 1049 2906 ital.
1065 2857 1149 2922 XVII,

156 2927 199 2978 56.
217 2956 250 2966 -
280 2944 331 2994 pro
357 2938 533 2978 occurrerent
559 2927 679 2977 Heinsius
709 2937 924 2986 succurrereut;
954 2924 1014 2976 vide
1043 2936 1151 2994 praeter

155 2994 341 3062 Snakeuburg.
356 2994 390 3044 ad
408 2995 434 3047 b.
453 2997 472 3046 l.
492 2993 670 3060 Oudendorp.
690 2993 725 3042 ad
745 2995 819 3045 Caes.
838 2994 867 3043 B.
885 2993 919 3043 G.
936 2993 983 3055 111,
1002 2995 1029 3058 4.

68 3105 79 3113 .
119 3066 124 3072 “
208 3063 250 3132 ιι)
271 3066 364 3114 soluto
383 3063 459 3114 Voss.
478 3069 546 3118 2.-
565 3062 638 3112 Mod.
658 3063 713 3110 Ele.
733 3063 778 3115 alii
798 3063 841 3112 ille
858 3073 1053 3130 percunctatum
1075 3065 1150 3116 Mod.

155 3133 246 3184 omitt.
264 3149 365 3202 aquam
383 3141 618 3199 anteponerent,
643 3131 722 3179 Voss.
744 3146 768 3184 s.
793 3139 892 3200 transp.
915 3145 1025 3201 portur.
1042 3149 1150 3203 uquam.

209 3200 251 3269 ια)
269 3204 299 3256 Ρ.
318 3202 384 3252 scite
403 3207 504 3267 transp.
521 3199 645 3249 omnibus
663 3195 790 3250 dividere.

208 3275 252 3335 13)
273 3269 340 3325 Edd.
360 3267 425 3337 qdd.
443 3278 565 3338 poterat.
590 3295 621 3303 -—
639 3266 715 3317 Frsb.
733 3285 766 3318 se
785 3268 887 3331 abesse·
903 3271 935 3320 D.
952 3268 1010 3332 Ral.
1029 3267 1062 3315 si
1078 3267 1151 3334 ipsos

155 3336 227 3389 unde
245 3339 337 3392 elicias
356 3356 384 3387 se
401 3338 413 3388 a·
430 3354 487 3398 sos,·
504 3335 574 3388 Edd.
597 3334 660 3404 qdd.
679 3353 734 3385 eos.
756 3397 758 3400 Ι

209 3405 251 3476 14)
270 3407 340 3460 Edd.
360 3356 429 3474 qdd’
447 3413 549 3474 transq»
565 3415 657 3474 posset
671 3406 800 3474 portari3
825 3403 901 3456 Frsb.
925 3404 1014 3474 possit
1031 3405 1153 3471 portare}

155 3476 191 3527 si.
207 3476 320 3545 portari
336 3476 433 3544 possit.
