2688 3872
448 379 494 432 ott
512 375 635 430 oasrts
659 377 760 432 naen
788 379 834 446 ιιι,
852 381 892 437 aa.
1123 387 1171 440 isc

176 547 257 612 quae
278 525 413 589 invictos
435 526 522 590 viros
551 523 716 586 veherent.
762 527 964 612 Tantumque
990 529 1021 590 in
1050 533 1171 591 exerci-

175 620 243 667 tum
270 627 402 678 suorum
430 605 568 674 intulere
593 605 747 680 terroris,
791 618 828 688 ut
857 608 979 690 legatos
1007 610 1172 674 mitterent

177 697 305 768 gentem
329 677 508 744 dedituros.
685 683 706 739 ’,

256 764 315 841 His
336 763 368 821 in
387 761 482 822 iidem
498 781 572 824 acce
597 761 649 840 tis,
670 761 709 822 ad
726 761 801 834 alias
816 761 932 840 deinde
947 778 1059 846 gentes
1076 779 1207 852 quar-31

177 857 214 905 to
244 843 296 903 die
324 842 482 938 pervenit.
534 781 643 914 Niiiila
671 842 744 921 plus
772 841 866 901 animi
891 841 940 902 his
972 845 1050 925 suit,
1078 869 1172 931 quam

178 922 298 992 ceteris
320 925 437 983 iuerat.
479 923 589 1015 Itaque
611 919 731 1002 oppido
751 919 797 982 ibi
819 922 964 1000 condito,
993 925 1077 1006 quod
1098 929 1173 990 Ale·

178 1001 341 1062 xandriam
362 999 517 1080 appellari
537 1012 682 1074 iusserat,
697 997 776 1059 fines
797 1003 921 1078 eorum,
943 1003 1174 1082 qui'Musicani

179 1080 391 1162 appellantur,
410 1079 548 1143 intravit.
588 1077 649 1138 Hic
670 1079 710 1138 de
739 1078 882 1154 Teriolte
903 1091 1045 1161 satrape,
1077 1106 1172 1167 quem
1196 1107 1214 1152 a

178 1158 430 1239 Parapamisadis
450 1157 673 1239 praefecerat,
694 1157 807 1218 iisdem
827 1157 1034 1240 arguentibus
1056 1151 1173 1244 cogno-

179 1239 243 1308 vit:
267 1239 431 1332 multaque
449 1257 543 1300 avane
566 1241 602 1297 ac
622 1235 762 1317 superbe
782 1237 899 1310 fecisse
928 1241 1110 1300 convictum
1129 1243 1175 1302 in-

179 1315 284 1378 teriici
304 1318 406 1381 iussit.
452 1315 629 1396 Oxyartes,
664 1329 797 1398 praetor
822 1317 1085 1394 Bactrianorum,
1113 1341 1211 1382 nonae

181 1395 345 1476 absolutus
372 1395 490 1472 modo,
511 1396 569 1460 sed
596 1395 692 1456 etiam
716 1395 786 1456 iure
806 1396 922 1458 amoris
938 1397 1098 1478 amplioris
1119 1399 1176 1460 im-

180 1476 264 1558 perii
284 1475 418 1534 donatus
439 1487 489 1534 est
507 1465 633 1534 tinibus.
672 1475 842 1544 Musicanis
874 1475 998 1536 deinde*
1020 1477 1052 1536 in
1083 1479 1176 1548 ditio-

180 1575 254 1632 nem
273 1553 422 1621 redactis,
443 1553 518 1612 urbi
538 1575 650 1614 eorum
670 1553 864 1634 praesidium
885 1556 1047 1640 imposuit.
1122 1551 1125 1564 ¹

260 1633 336 1692 Iade
357 1632 518 1708 Praestos,
539 1643 572 1692 et
591 1633 691 1712 ipsam
704 1633 810 1693 Indiae
825 1631 964 1714 gentem,
984 1643 1213 1715 perventumtr

182 1725 241 1779 est.
282 1711 471 1784 Porticanus
497 1731 556 1771 rex
585 1723 670 1779 erat,
711 1712 767 1792 qui
794 1731 829 1787 se
850 1715 988 1776 munitae
1009 1709 1177 1776 urbi'cum

181 1811 294 1873 magna
313 1811 406 1868 manu
430 1788 631 1870 popularium
654 1789 835 1854 incluserat.
876 1791 967 1859 Hanc
997 1789 1179 1864 Alexander

181 1871 278 1948 tertio
303 1870 366 1947 dic,
387 1878 482 1952 quam
515 1880 668 1948 coeperat
682 1865 860 1950 obsidere,
891 1867 1095 1951 expugnavit.
1114 1872 1116 1876 ’
1135 1875 1217 1934 Etta

182 1951 382 2022 Porticanus,
405 1968 477 2007 cum
496 1948 528 2007 in
550 1967 655 2007 arcem
669 1941 875 2028 confugisset,
896 1948 1019 2028 legatos
1041 1950 1082 2030 de
1103 1971 1178 2012 con·
1243 1965 1254 1979 ‘

183 2029 304 2090 ditione
325 2025 495 2098 deditionis
514 2025 604 2086 misit
617 2026 657 2086 ad
677 2045 804 2120 regem:
833 2026 894 2096 ted·
918 2040 1085 2110 antequam
1113 2031 1177 2088 adi-

182 2121 256 2169 aent
276 2101 360 2184 eum,
382 2107 464 2184 duae
484 2117 592 2166 turres
616 2125 689 2166 cum
719 2127 751 2164 ιιι
773 2105 839 2166 enti
865 2105 997 2188 fragore
1028 2093 1177 2188 procide·

183 2199 265 2266 rant,
285 2207 346 2269 per
368 2206 503 2268 quarum
523 2184 629 2248 ruinas
653 2125 849 2263 Macedones
868 2189 1001 2252 evasere
1015 2186 1047 2246 in
1060 2207 1180 2266 arcem,

185 2289 249 2352 qua
270 2279 363 2348 capta
382 2265 571 2335 Porticanus
592 2283 665 2326 cum
685 2265 795 2345 paucis
810 2283 992 2347 repugnans
1012 2268 1179 2345 occiditur.

262 2349 378 2414 Diruta
408 2345 506 2427 igitur
535 2363 610 2404 arce
637 2355 670 2404 et
698 2339 843 2411 omnibus
865 2345 999 2428 captivis
1017 2343 1220 2422 'venundat-32¹

184 2431 235 2506 tis,
255 2424 363 2489 Sambi
383 2425 469 2506 regis
491 2426 571 2484 sines
591 2423 753 2505 ingressus
769 2424 839 2499 'est3
859 2424 1031 2508 multisque
1052 2425 1181 2518 oppidis

185 2510 217 2568 in
239 2507 333 2567 fidem
356 2503 505 2584 acceptis,
525 2503 755 2578 validissimam,
770 2503 874 2582 gentis
894 2503 1009 2585 urbem
1032 2505 1179 2564 cuniculo

187 2587 281 2665 cepit.
321 2582 470 2644 Barbaris
493 2582 594 2642 simile
615 2581 749 2642 monstri
768 2580 871 2640 visum
893 2594 951 2653 est,
971 2579 1105 2641 rudibus
1125 2583 1219 2652 mima

186 2664 325 2724 litarium
347 2679 500 2739 operum,
523 2659 599 2742 quip
625 2659 696 2718 ein
715 2656 821 2716 media
834 2657 945 2718 'ferme
969 2658 1051 2742 urbe
1072 2661 1183 2742 armati

187 2755 275 2804 terra
303 2737 515 2816 exsistebant,
538 2679 637 2816 =nulio,
668 2734 797 2818 suffossi
817 2753 932 2829 specus
954 2747 1026 2822 ante
1047 2739 1183 2820 vestigio

191 2907 367 2944 '⁶2⁸‘-

189 3035 258 3094 optt.
278 3021 366 3074 chd.
386 3020 486 3081 viros;
505 3021 613 3088 Zumpt.
630 3021 761 3074 mendose
779 3023 864 3075 vivos.

249 3091 290 3160 ιο)
309 3089 384 3141 Frsh.
406 3091 492 3140 (amitt.
511 3097 605 3139 contra
630 3091 671 3138 ΕΙ.
696 3090 773 3139 Leid.
798 3090 874 3139 Voss.
900 3103 925 3150 ι,
949 3091 1033 3155 Rong.
1063 3095 1183 3153 amoris,

189 3161 409 3226 interpunctione
428 3157 529 3206 maiore
549 3165 610 3221 post
627 3157 709 3208 verba
727 3154 848 3218 donatus
872 3169 914 3220 est
933 3160 1028 3224 posita.
1050 3187 1082 3200 --
1102 3163 1135 3208 al.
1155 3163 1185 3209 in

190 3227 363 3278 deditionem.
382 3224 466 3273 -'al.
486 3223 627 3289 imperium
646 3225 742 3290 impos.
1212 3271 1214 3276 ,

247 3291 384 3357 14)Frsb.
403 3291 488 3340 omitt.
509 3308 531 3340 v.
552 3293 660 3354 armati,
679 3307 758 3357 qnam
778 3289 1011 3350 habentGCodd,
1030 3291 1099 3340 inter
1115 3307 1183 3358 quos

195 3371 234 3414 est
249 3363 377 3424 Theona,
398 3357 469 3408 idern
487 3375 548 3410 cum
569 3361 656 3424 vulgg.
676 3376 688 3406 e
707 3369 833 3408 tetra.-
849 3375 900 3425 pro
920 3355 1087 3407 exsistebant
1106 3359 1182 3408 Voss.
1270 3394 1274 3400 .

192 3435 218 3486 2.
234 3429 346 3480 exibant
363 3437 389 3478 et
409 3425 602 3494 exsurgebant.
