2686 3876
192 353 227 414 er
550 343 586 422 o.
609 343 729 406 sunan
757 346 841 408 nesi
885 365 887 370 ·

191 495 320 556 rl-ieoam·
336 512 406 554 erran
429 495 591 576 copiarum
616 505 708 588 parte
736 494 900 576 praemisit
920 494 965 564 ‚ad
986 495 1196 576 submonitus,

193 574 248 658 qui
268 586 491 636 aversarentur
511 573 694 668 impenurn:
715 573 869 658 iussitque
890 577 929 636 ad
943 574 1063 639 llumen
1082 578 1196 644 moun
1234 611 1239 620 r

155 723 160 730 ,
193 652 385 738 procedere,
406 665 439 714 et
459 654 582 736 navigia
602 652 730 727 facere,
759 654 829 737 quis
857 653 888 714 in
914 655 1070 718 ulteriora
1093 669 1197 724 trans.-

154 733 313 815 pportari
333 745 444 814 posset
465 735 635 795 exercitus.
681 733 740 810 llli,
761 733 842 816 ¹quia
871 733 963 815 plura
990 733 1120 801 ilumina
1143 759 1196 798 su·

121 814 125 818 ’
190 812 331 900 peranda
352 825 450 890 erant,
471 815 516 874 sic
540 813 673 875 iunxere
694 833 806 888 naves,
834 825 871 874 ut
899 815 1023 876 solutae
1043 816 1196 898 plaustris

153 919 170 963 t
195 892 267 957 vehi
294 905 441 974 possent,
472 913 650 976 rursusque
678 893 837 974 coniungi.
869 895 964 956 ¹Post
992 915 1028 954 se
1053 896 1216 959 zCratero·

193 993 263 1034 cum
285 973 440 1054 phalange
459 974 544 1037 iusso
566 973 673 1056 sequi,
699 972 875 1054 equitatum
900 993 937 1034 ae
967 974 1073 1036 levem
1094 981 1197 1042 arma,

102 1109 106 1123 ,
192 1063 296 1115 turam
318 1053 438 1127 eduxit,
462 1073 594 1134 eosque,
615 1053 670 1135 qui
691 1065 911 1128 occurrerant,
933 1053 997 1116 tevi
1017 1055 1145 1137 proelio
1163 1056 1196 1116 in

159 1156 173 1204 5
192 1133 304 1194 urbem
325 1135 502 1214 proximam
519 1133 682 1212 compulit.
707 1133 770 1192 lam
786 1147 1021 1212 supervenerat
1031 1136 1195 1201 Craterus.

193 1215 302 1297 ltaque
322 1225 358 1272 ut
383 1211 541 1294 principio
563 1222 723 1272 terrorem
751 1211 912 1274 incuteret
943 1213 1032 1294 genti
1054 1214 1195 1278 nondum
1230 1277 1239 1291 ,

193 1315 278 1354 arma
299 1293 508 1354 Macedonum
531 1303 691 1372 expertae,
712 1293 820 1372 praeci
846 1292 887 1367 it,
909 1313 948 1352 ne
970 1293 1021 1356 cui
1046 1313 1196 1373 parcere·

153 1385 254 1445 etur,
273 1372 472 1434 munimentis
493 1371 599 1444 urbis,
629 1392 723 1452 quarn
746 1312 923 1446 obsidebat,
945 1372 1090 1433 incensis.
1134 1376 1196 1436 Ce-

71 1529 77 1533 -
192 1467 300 1513 terum
322 1452 398 1512 dum
419 1451 585 1536 obequitat
605 1449 782 1522 moenibus,
803 1449 916 1531 sagitta
937 1451 1019 1512 ictus
1042 1465 1101 1516 est.
1134 1454 1195 1514 Ce-

148 1593 157 1607 ..
193 1533 242 1614 pit
261 1544 368 1593 tamen
384 1532 556 1612 oppidum,
579 1541 612 1590 et
632 1528 777 1590 omnibus
798 1529 911 1592 incolis
932 1531 1000 1596 eius
1027 1531 1195 1596 trucidetis

192 1613 287 1674 etiam
309 1611 341 1672 in
365 1623 448 1672 tecta
469 1611 623 1670 saevitum
645 1621 705 1676 est.
955 1669 959 1678 ,

77 1725 81 1732 ·
152 1705 192 1769 35
272 1690 359 1764 Inde,
380 1690 499 1751 domita
520 1679 652 1784 ignobili
672 1701 779 1784 gente,
800 1688 840 1750 ad
853 1689 970 1767 Nysam
984 1689 1095 1752 urbem
1141 1713 1195 1754 ere

193 1773 289 1835 venit.
332 1771 432 1831 Forte
454 1780 562 1830 castris
584 1781 655 1830 ante
675 1791 742 1850 ipsa
763 1769 888 1830 moenia
907 1768 938 1828 in
958 1769 1098 1832 silvestri
1117 1714 1193 1838 ibon

193 1852 315 1934 positis,
336 1863 530 1913 nocturnum·
548 1849 650 1932 frigus
668 1849 884 1912 vehementius
905 1868 998 1930 quarn
1021 1851 1095 1916 alias
1117 1851 1195 1913 bert

138 1963 139 1968 1
192 1953 269 1994 rore
291 1951 430 2012 corpora
451 1928 578 2003 affecit,
606 1942 888 2012 opportunumque
915 1928 1091 1990 remedium
1113 1933 1195 2016 ignis

152 2012 332 2074 ooblatum
354 2023 411 2071 est.
454 2011 559 2070 Caesis
589 2013 708 2094 quippo
738 2008 824 2069 silvis
855 2005 1012 2068 flammam
1034 2011 1195 2076 excitaver-

194 2103 278 2162 runt,
301 2111 393 2173 quae,
421 2090 486 2170 igni
514 2089 598 2164 alita,
623 2074 855 2170 oppidanorum
876 2087 1023 2168 sepulcra
1045 2110 1193 2172 compre·

192 2169 312 2234 bentlit.
353 2163 488 2230 Vetusta
509 2167 610 2228 cedro
632 2181 722 2229 erant
740 2167 842 2242 lacta,
869 2178 1124 2253 conceptumque
1145 2173 1194 2252 ig-

154 2261 171 2306 e
192 2268 265 2308 nem
285 2249 349 2308 late
370 2247 505 2325 i'udere,
534 2247 638 2308 donec
657 2248 763 2316 'omnia
783 2245 851 2308 solo
872 2257 1005 2330 aequata
1025 2263 1109 2318 aurit.
1149 2253 1194 2314 Ea

195 2433 393 2452 uun-nunna·-

193 2555 264 2679 idpm
283 2556 522 2620 adversaremur,-
542 2553 641 2632 deindo
660 2570 721 2610 enm
740 2553 857 2612 Theocr-
880 2551 1030 2626 perducere
1055 2571 1105 2627 pto
1121 2572 1192 2627 pro·

193 2647 221 2680 ce
242 2648 294 2679 erc.

261 2700 289 2751 3)
309 2695 383 2746 Voss.
402 2700 428 2749 2.
449 2695 537 2762 iungi.

258 2767 287 2830 4)
306 2765 345 2813 ΕΙ.
365 2773 553 2824 οεοιιννενειιε,
573 2761 669 2814 eodem
687 2757 847 2817 ducentibus
874 2761 988 2828 vestigiis
1007 2756 1094 2812 Codd.
1112 2757 1211 2814 Leidj'

192 2835 269 2886 Voss.
291 2841 312 2888 l·
959 2833 966 2848 '

257 2901 285 2968 6)
304 2893 378 2948 Frsb.
399 2890 596 2968 obequa'tabrtt;
623 2893 658 2947 ei.
686 2897 771 2948 Ktebs
790 2897 892 2948 Anleit.
912 2895 935 2966 ᾗ.
954 2904 1014 2962 329.
1051 2926 1084 2940 ι·-
1121 2908 1191 2966 opit.

191 2967 282 3019 Codd.
296 2968 380 3018 omitt.
402 2977 443 3016 est
460 2974 523 3034 pust
543 2966 626 3027 ictus,
645 2967 681 3016 ite
699 2969 728 3014 ut
745 2964 935 3032 praecedentia
953 2983 1015 3017 cum
1027 2983 1103 3034 seqq.
1123 2983 1190 3018 con·

191 3037 271 3087 etune
291 3034 418 3100 coniungi
444 3031 560 3100 poesinl3
584 3033 639 3082 Pul.
666 3041 687 3090 1.
706 3033 792 3082 omitt.
813 3034 891 3084 etiam
912 3036 1008 3102 partic.
1035 3045 1134 3090 tererem,
1154 3061 1190 3073 -

190 3102 260 3158 cod.
277 3101 394 3151 Tlreoer.
414 3114 522 3169 captum
540 3111 590 3168 pto
609 3102 688 3169 cepit·

260 3170 287 3240 7)
306 3167 371 3218 Frsb
406 3176 508 3237 tranap.
536 3173 632 3218 centra
658 3167 741 3232 llong.
767 3164 844 3219 vern
873 3181 896 3219 1.
931 3174 956 3228 2.
981 3169 1088 3222 moenio
1117 3167 1189 3237 ipsu,

192 3243 272 3300 male,
294 3253 352 3284 naun
369 3235 427 3302 ipse
447 3235 553 3286 nonnisi
573 3251 633 3286 cum
651 3236 674 3284 ri
693 3237 875 3302 postponitur.
1128 3279 1131 3285 .

259 3305 286 3373 8)
297 3304 427 3370 flunanans
445 3305 511 3358 P.-
534 3319 585 3370 pro
605 3303 674 3352 ulc'tu
695 3305 769 3352 Voss.
788 3309 812 3358 2.
833 3301 908 3364 ultam·
927 3303 957 3356 el.
979 3303 1049 3372 Seri.
1068 3303 1191 3354 Gramm.

190 3377 250 3426 Lat.
273 3377 346 3438 1702.
366 3380 422 3421 net.
444 3379 467 3426 1.
485 3375 601 3440 interpp.
620 3371 772 3438 intelligunt
791 3371 960 3423 adieclirum.
998 3397 1032 3412 ··
1069 3372 1145 3424 Vota.
1164 3377 1191 3428 2.

191 3455 290 3512 transp.
310 3438 371 3496 solo
391 3441 493 3504 otntu'o,
617 3443 619 3447 ’
