2688 3872
201 377 250 424 ιι)
552 373 585 438 o.
605 369 723 420 eutaru
741 369 822 418 uult
897 393 901 400 -

194 515 393 596 potissimum
419 513 577 575 vulnerati
597 513 683 594 regis
708 533 825 594 corpus
854 514 924 581 cxci
949 513 1191 578 e1·ent?deser.-

158 608 256 666 astus‚
280 594 451 653 destitutus
477 615 557 668 sum,
577 591 723 652 hostibus
746 593 879 653 deditus
941 593 982 652 ed
1002 594 1088 656 solus
1112 617 1191 678 quo-

194 693 258 755 que
280 674 327 732 irc
348 672 578 752 perseverabo.
602 670 742 732 Obiioite
763 692 814 732 me
831 669 1012 732 fluminibus
1035 685 1067 734 et
1089 674 1191 735 beluis

195 764 228 812 ct
247 752 309 810 illis
331 749 497 832 gentibus,
519 772 655 834 quarum
676 747 810 810 nomina
830 749 979 812 horretis.
1021 751 1192 830 Inveniam,

193 830 249 912 qui
269 831 470 892 desertuma
497 830 589 892 vobis
618 843 808 910 sequantur:
851 829 986 906 Scythae
1017 833 1191 904 Bactriani-
1255 833 1259 844 “

194 929 258 992 que
288 921 382 968 erunt
408 930 551 982 mecum,
573 907 684 968 hostes
713 908 810 988 paulo
841 919 929 982 ante,
957 929 1040 970 nunc
1075 912 1191 972 milites

156 989 304 1050 otnoatti,
329 988 411 1048 Mori
448 997 574 1064 raestat,
591 1008 685 1079 quam
702 989 848 1066 precario
863 984 1091 1067 imperatorem
1108 1010 1188 1050 esse.

192 1067 240 1128 Ite
261 1067 398 1128 reduces
424 1009 554 1142 domos3
593 1080 637 1126 rte
669 1063 797 1126 deserto
825 1086 903 1147 rege
935 1065 1076 1127 ovantes.
1119 1070 1190 1150 Ego

192 1147 244 1208 hio
267 1169 285 1208 a
309 1147 401 1207 vobis
423 1145 611 1225 desperatae
639 1145 795 1205 victoriae
824 1156 877 1206 aut
905 1143 1058 1206 honestae
1091 1148 1189 1207 morti

157 1235 169 1280 t
192 1227 299 1286 locum
314 1224 479 1286 inveniam.
500 1227 548 1284 Ne
565 1223 609 1284 sic
625 1223 756 1306 quidem
771 1220 828 1282 ulli
843 1221 976 1283 militum
992 1242 1054 1284 vox
1065 1245 1118 1284 ex·

191 1307 287 1387 primi
308 1303 422 1386 potuit.
446 1303 693 1392 Exspectabam²
716 1315 752 1364 ut
767 1301 865 1363 duces
880 1302 1108 1384 principesque

194 1384 234 1445 ad
254 1403 366 1466 regem
386 1382 590 1462 perferrent,
626 1379 813 1442 vulneribus
844 1393 876 1441 et
900 1382 1050 1443 continuo
1076 1379 1188 1442 labore

193 1463 323 1524 militiae
344 1460 491 1542 fatigatos
513 1483 575 1522 non
597 1461 777 1521 detrectare
800 1459 925 1533 munia,
947 1460 1004 1519 sed
1030 1461 1187 1522 sustinere

193 1561 256 1601 non
282 1558 387 1622 posse.
438 1541 588 1600 Ceterum
616 1536 662 1598 illi
682 1552 769 1599 metu
791 1535 915 1600 attoniti
935 1539 1106 1603 interram
1130 1561 1188 1600 ora

89 1661 93 1664 -
155 1633 171 1674 2
195 1621 386 1680 defixerant.
427 1619 527 1700 Igitur
547 1619 650 1699 primo
673 1618 819 1678 fremitus
840 1639 896 1676 sua
919 1637 933 1676 s
959 1629 1051 1693 onte,
1073 1616 1189 1679 deinde

194 1699 330 1780 gemitus
358 1718 487 1781 quoque
520 1699 639 1774 oritur3
679 1697 895 1832 paulatimrpue
929 1639 1060 1756 liberius
1098 1697 1191 1758 dolor

194 1778 275 1860 erigi
296 1777 413 1858 coepit,
434 1776 630 1838 manantibus
650 1776 799 1847 lacrimis,
820 1796 837 1832 a
862 1795 902 1835 eo
927 1789 964 1836 ut
986 1796 1062 1849 rex,
1090 1773 1137 1835 ira
1157 1777 1190 1835 in

193 1853 444 1918 miscricordiam
468 1877 568 1924 versa,
590 1876 630 1914 ne
651 1856 720 1936 ipse
743 1853 902 1937 quidem„
925 1875 1115 1938 quamquam
1138 1877 1190 1916 cu·

193 1948 298 2015 peret,
318 1948 509 2016 temperare
524 1935 626 1996 oculis
647 1929 805 2014 potuerit..

156 2025 192 2085 12
274 2013 415 2074 'l'andem
436 2015 585 2074 universa
610 2015 764 2074 concione
784 2011 917 2072 effusius
932 2010 1039 2086 flente,
1062 2013 1190 2072 Coenus

100 2145 111 2156 .
193 2107 286 2152 ausus
309 2101 376 2164 est,
398 2092 615 2153 cunctantibus
648 2093 783 2164 ceteris,
811 2091 944 2171 propius
974 2091 1190 2166 tribunal-ac·

155 2182 171 2226 4
195 2171 324 2245 cedere,
353 2171 530 2252 significans
555 2190 590 2230 sc
617 2171 706 2252 loqui
736 2171 829 2233 velle.
877 2169 983 2264 Quem
1015 2183 1050 2230 ut
1080 2165 1190 2234 videte

194 2249 310 2324 milites
338 2248 559 2312 detrahentem
588 2251 710 2329 galeam
740 2249 852 2328 capiti,
882 2255 940 2330 (sta
970 2250 1052 2310 enim
1079 2267 1191 2343 regem

155 2373 157 2386 .
195 2327 315 2409 alloqui
330 2347 396 2386 mos
412 2335 487 2398 est)
504 2327 625 2386 hortari
641 2341 826 2407 coeperunt,
841 2341 878 2389 ut
891 2350 1015 2390 causam
1031 2336 1190 2404 exercitus

157 2413 170 2463 t
194 2417 317 2486 ageret.
348 2409 430 2464 'I'um
452 2407 589 2476 Coenus,
611 2405 664 2470 Dii
686 2406 886 2485 prohibeant,
908 2404 1021 2490 inquit,
1051 2429 1068 2466 a
1099 2403 1190 2466 nobis

188 2479 305 2564 impias
327 2495 464 2559 montes3
495 2495 528 2544 et
548 2483 699 2564 prolecto
731 2487 914 2566 prohibent.
954 2488 1042 2546 Idem
1070 2487 1190 2546 animus

195 2575 244 2623 est
265 2564 338 2642 tuis,
360 2563 416 2646 qui
435 2562 497 2624 fuit
517 2582 664 2643 seraper,
696 2565 745 2632 ire
772 2587 838 2648 quo
860 2567 1007 2643 iusseris,
1033 2583 1190 2646 pugnare,

205 2729 390 2742 -u—-m

246 2822 290 2892 32)
310 2819 388 2890 tulga
406 2804 549 2896 erer‘peret.
629 2857 634 2868 ·
856 2887 857 2892 ¹
947 2887 948 2894 ἵ

266 2900 293 2950 ι]
311 2895 395 2942 Etiam
416 2897 441 2944 in
455 2897 514 2956 ,hoc
533 2891 630 2962 capitis
650 2880 787 2961 principio
807 2895 930 2962 varinhu·¹
944 2897 1013 2946 inter
1032 2893 1188 2963 tre-widem

197 2963 222 3012 ri
240 2960 421 3028 necaqmttm,
443 2962 476 3012 de
497 2981 549 3029 quo
566 2965 739 3014 librariorum
754 2969 845 3013 errore
865 2963 961 3030 passim
973 2953 1053 3012 obvio
1072 2981 1094 3013 r.
1114 2963 1189 3011 Gon·

193 3043 256 3077 renr.
275 3025 307 3076 nd
327 3028 382 3078 Cic.
404 3029 505 3079 Acadd.
526 3031 558 3090 11,
582 3034 636 3086 152,
662 3037 805 3096 utrumque
825 3031 893 3082 bene
917 3034 1043 3092 latinum
1068 3029 1115 3080 sed
1135 3029 1189 3077 dis·

193 3093 367 3161 tinguendum
397 3095 449 3160 esl3
480 3097 515 3148 el.
550 3094 689 3148 Gernhard
718 3096 750 3145 nd
779 3099 836 3148 Cice
861 3099 919 3152 cat.
946 3117 970 3150 c.
990 3099 1037 3160 tx,
1056 3095 1078 3165 §
1099 3103 1141 3160 27.
1159 3113 1189 3162 v·

193 3163 235 3214 bo.
252 3171 334 3226 sq.-
361 3162 438 3213 Voss.
459 3181 482 3212 a.
507 3164 575 3232 ullo.¹
615 3187 619 3194 ·
946 3187 949 3196 ·

261 3230 288 3294 Q)
307 3231 335 3280 in
354 3242 427 3277 terra
447 3232 476 3280 t).
498 3260 529 3270 —
549 3231 577 3280 ΡΙ
610 3231 685 3281 held.
710 3233 765 3282 Pal.
795 3249 816 3285 t·-
846 3243 896 3300 pto
926 3242 1037 3301 eriperet
1063 3228 1190 3282 exhibent

192 3291 487 3364 pittacusnrprtl'ec'tum
507 3297 651 3348 indicativi.
782 3319 785 3324 ’

242 3361 291 3427 ,ll
313 3366 390 3413 Voss.
410 3371 435 3417 2.
455 3364 564 3428 ulloqui
579 3382 666 3426 regem
684 3373 749 3414 mut.
770 3367 829 3414 mat.

262 3435 290 3494 b]
310 3432 344 3480 ul.
364 3433 420 3480 sIne
440 3431 535 3481 idonea
555 3435 714 3488 urtctot‘itate
734 3445 769 3483 nt
789 3437 829 3482 ire
848 3435 968 3492 iusseris,
999 3433 1098 3482 omisso
1125 3448 1190 3500 quo.
