2688 3872
426 371 471 424 os
490 371 612 427 essars
634 371 734 432 scca.
756 373 791 438 x,
809 384 851 424 20.
1090 374 1137 428 iss

143 520 202 582 sibi
230 519 334 604 pridie
361 519 510 583 traditum
538 542 556 582 a
586 539 665 602 rege
694 519 726 582 in
760 519 870 586 eadem
906 519 984 582 sede
1012 519 1136 601 posuit3

143 623 278 685 quorum
299 621 332 661 as
357 613 430 668 ectu
449 619 558 672 rursus
590 599 725 673 obortae
754 599 904 676 omnibus
920 601 1068 662 lacrimae
1090 601 1141 660 in·‘

142 694 311 765 tegravere
334 622 467 741 luctum.
509 681 552 742 Et
579 679 743 758 Perdicca,
764 683 834 776 Ego
854 681 1002 765 quidem,
1023 681 1136 765 inquit,
1161 695 1175 738 5

142 764 279 838 anulum,
300 781 365 846 quo
387 759 441 821 ille
462 760 554 844 regni
583 772 677 843 atque
697 760 738 823 im
764 761 823 822 eni
852 763 937 833 tices
968 760 1137 844 obsignare

142 855 212 905 erat
232 841 354 917 solitus,
375 840 525 910 traditum
544 841 583 914 ab
614 841 624 900 i
647 860 683 901 so
706 863 736 901 m
771 841 800 920 i,
826 841 930 912 reddo
949 841 1052 906 robis.
1078 843 1138 903 (le-
1161 853 1177 899 o

142 936 250 990 terum
270 935 459 1015 quamquam
473 921 557 982 nulla
572 861 678 988 clades
698 921 783 998 huic,
804 941 866 1005 qipa
888 921 996 997 affecti
1018 941 1137 993 sumus,

167 1001 261 1070 arab
288 1000 374 1061 iratis
394 1001 463 1060 Diis
496 1001 671 1088 excogitari
697 1013 824 1082 potest,
850 1013 955 1078 tamen
984 1003 1140 1083 magatia-¹

143 1023 250 1152 dinem
270 1099 391 1150 rerum,
413 1101 491 1164 quas
512 1083 587 1164 egit,
612 1081 804 1148 intuentibus
818 1081 952 1153 credere
972 1081 1058 1158 licet,
1072 1094 1137 1156 tam
1158 1115 1162 1122 ,

144 1174 214 1227 tum
237 1159 342 1222 virum
363 1161 453 1225 Deos
475 1162 729 1229 accommodasse
749 1161 846 1226 rebus
865 1161 1029 1238 humanis,
1062 1183 1138 1244 qua:

147 1263 222 1313 rem.
239 1253 326 1302 sorte
351 1241 510 1328 complete
537 1242 601 1318 cito
626 1262 663 1310 re
687 1253 814 1306 sterent
839 1261 911 1305 eum
939 1262 1014 1320 spec
1035 1241 1136 1326 stirpi,

145 1320 286 1392 Proinde
312 1320 459 1406 quoniam
485 1321 562 1386 nihil
590 1263 684 1390 allud
703 1343 743 1383 ex
771 1342 810 1384 co
841 1334 1003 1407 superest,
1043 1321 1178 1417 guarna

147 1402 236 1488 quod
259 1421 387 1484 semper
407 1401 446 1475 ab
466 1402 701 1467 immortalitate
725 1397 905 1481 seducitur,
928 1423 1057 1486 corpori
1079 1401 1137 1466 hos

147 1483 286 1566 mirique
308 1503 401 1566 quam
421 1483 558 1562 primum
578 1483 659 1544 iusta
680 1483 859 1560 solvamus,
878 1483 962 1550 haud
984 1483 1086 1560 obliti,
1106 1483 1139 1550 in
1248 1539 1251 1544 .

149 1583 211 1646 qua
234 1561 333 1638 urbe,
353 1561 437 1622 inter
478 1584 536 1636 pos
567 1563 683 1640 simus,
720 1564 807 1646 quali
830 1563 978 1644 praeside
1000 1585 1036 1626 ac
1060 1565 1139 1646 rege

146 1643 281 1724 spoliati.
325 1583 537 1706 Tractandum
559 1655 623 1720 est,
655 1643 902 1721 commilitones,
924 1663 963 1704 co
988 1643 1175 1709 'tandum-tt

147 1744 228 1806 que,
255 1733 292 1782 ut
317 1721 482 1795 victoriam
502 1733 625 1806 partem
645 1723 728 1794 inter
747 1722 825 1800 hos,
853 1723 895 1784 de
916 1665 1030 1806 quillus
1049 1734 1140 1806 parta

148 1815 207 1880 cst,
228 1801 373 1864 obtinere
394 1802 559 1897 possimus.
581 1803 692 1887 Capite
714 1822 795 1881 opus
811 1815 875 1864 est.
899 1804 1140 1878 Hoccine'uno,

148 1899 186 1943 nn
206 1882 369 1978 pluribus,
392 1905 424 1942 1n
445 1894 551 1944 vestra
571 1893 729 1963 potestate
751 1894 810 1947 est.
829 1884 944 1944 *Illud
975 1883 1057 1943 scire
1086 1883 1141 1944 de·

148 1963 250 2038 betis,
270 1962 437 2024 militarem
465 1963 531 2038 sine
557 1963 637 2028 duce
664 1961 791 2038 turbam
823 1983 941 2048 corpus
973 1983 1043 2030 ‚esse
1074 1963 1141 2032 sine

148 2042 271 2124 spiritu.
312 2040 426 2116 Sextus
446 2043 562 2104 mensis
582 2053 641 2120 est,
663 2063 703 2119 ex
725 2063 789 2124 quo
813 2044 944 2113 Roxane
964 2061 1142 2125 praegnans

149 2135 215 2189 cst:
239 2135 396 2204 optamus,
420 2135 456 2183 ut
475 2143 595 2202 marem
620 2123 775 2198 enitatur,
802 2123 896 2183 cuius
912 2144 1046 2206 regnum
1072 2121 1182 2190 Diiss

149 2201 397 2298 approbantibus
421 2201 581 2279 futurum,
608 2189 800 2286 quandoque
828 2201 1015 2282 adoleverit.
1058 2205 1143 2263 Inte·

149 2299 209 2344 rim
233 2281 384 2367 aquibus
406 2285 477 2366 regi
497 2283 600 2348 velitis
622 2283 789 2362 destinate.
813 2283 901 2346 Haec
922 2283 1091 2359 Perdicca.

228 2368 310 2424 Turn
335 2363 514 2440 Nearchus,
551 2363 722 2424 Alexandri
762 2362 858 2426 modo
892 2364 1072 2447 sangninem
1107 2363 1184 2427 ac‘lil

151 2447 281 2527 stlrpem
305 2443 413 2526 regiae
433 2444 588 2506 maiestati
609 2445 792 2519 convenire,
809 2445 975 2520 neminem,
997 2445 1048 2527 ait,
1069 2465 1142 2525 pos·

150 2547 185 2586 se
206 2525 326 2587 mirari.
359 2525 511 2586 Ceterum
532 2525 712 2605 exspectari
733 2523 873 2584 nondum
894 2536 999 2601 ortum
1020 2529 1176 2604 regem,¹¹

152 2618 183 2667 et
205 2607 260 2690 qui
280 2605 343 2664 iam
364 2603 404 2664 slt
423 2604 603 2686 praeteriri,
627 2623 685 2664 nec
707 2603 814 2679 animis
835 2602 1045 2681 Maeedonum
1067 2622 1142 2680 cop·
1219 2634 1221 2638 ·

149 2749 357 2776 *μη

219 2860 253 2922 6)
272 2853 353 2918 Amst'.
373 2875 468 2926 οπεος.
488 2863 589 2927 potuit.

222 2927 249 2996 7)
268 2925 343 2978 Frslt.
366 2925 529 2978 subdiscitur
563 2939 657 2981 contra
682 2945 774 2984 omnes
801 2927 887 2984 Codd.
922 2959 954 2968 -
988 2927 1145 2998 hominique

154 3006 196 3048 est
214 2997 286 3047 coni.
305 2997 468 3060 Heumanni;
492 2997 578 3047 Codd.
599 3000 773 3074 narcissique,
792 3007 816 3049 et
836 2998 872 3045 ita
886 2997 961 3056 Frsh.
980 3015 1041 3048 cum
1061 3001 1144 3064 rulgg.

153 3095 185 3106 —
203 3063 280 3120 Frsli.
300 3075 394 3115 contra
411 3073 513 3115 auctor.
533 3066 617 3116 Codd.
644 3076 741 3134 transp.
762 3083 824 3132 rege
843 3083 875 3114 uc
889 3064 1022 3134 praeside.

222 3133 249 3196 8)
271 3133 343 3182 Frsh.
366 3143 459 3186 contra
477 3135 517 3184 Fl.
537 3133 609 3184 Lcid.
631 3135 705 3192 Voss,
731 3154 749 3188 ι.
775 3135 868 3186 leoena,

174 3202 250 3318 d'ltl)
269 3201 340 3252 idem
358 3211 452 3254 contra
475 3211 576 3257 auctor.
608 3202 696 3258 Codd.
723 3206 800 3262 cius
833 3219 908 3268 rega,
927 3211 963 3264 ,et
995 3201 1144 3270 qrarsndo

155 3288 171 3320 e
194 3288 227 3318 o.

207 3338 253 3454 up)
273 3335 351 3417 infido
379 3347 439 3404 post
469 3338 622 3394 Alanmdri
644 3339 720 3392 abest
749 3339 781 3400 ab
808 3340 914 3406 optimis
948 3346 973 3389 et
1010 3337 1144 3406 plerisque

155 3421 323 3455 memll'illlls.

212 3475 250 3543 ii)
269 3483 334 3542 opll.
357 3472 442 3524 Codd.
463 3492 479 3523 c
501 3476 582 3525 Bais.
