<?xml version="1.0" encoding="UTF-8"?>
<!DOCTYPE html PUBLIC "-//W3C//DTD XHTML 1.0 Transitional//EN"
    "http://www.w3.org/TR/xhtml1/DTD/xhtml1-transitional.dtd">
<html xmlns="http://www.w3.org/1999/xhtml" xml:lang="en" lang="en">
 <head>
  <title>
</title>
<meta http-equiv="Content-Type" content="text/html;charset=utf-8" />
  <meta name='ocr-system' content='tesseract 3.04.00' />
  <meta name='ocr-capabilities' content='ocr_page ocr_carea ocr_par ocr_line ocrx_word'/>
</head>
<body>
  <div class='ocr_page' id='page_1' title='image "./degestisalexand00baumgoog_0133.png"; bbox 0 0 2688 3872; ppageno 0'>
   <div class='ocr_carea' id='block_1_1' title="bbox 440 315 1156 382">
    <p class='ocr_par' dir='ltr' id='par_1_1' title="bbox 440 315 1156 382">
     <span class='ocr_line' id='line_1_1' title="bbox 440 315 1156 382; baseline 0.013 -16"><span class='ocrx_word' id='word_1_1' title='bbox 440 317 484 366; x_wconf 86' lang='lat' dir='ltr'>ns</span> <span class='ocrx_word' id='word_1_2' title='bbox 507 315 630 382; x_wconf 58' lang='lat' dir='ltr'>castris</span> <span class='ocrx_word' id='word_1_3' title='bbox 650 317 751 366; x_wconf 74' lang='lat' dir='ltr'>arun.</span> <span class='ocrx_word' id='word_1_4' title='bbox 767 315 813 380; x_wconf 79' lang='lat' dir='ltr'>nt,</span> <span class='ocrx_word' id='word_1_5' title='bbox 833 331 856 380; x_wconf 71' lang='grc' dir='ltr'>ς.</span> <span class='ocrx_word' id='word_1_6' title='bbox 1107 327 1156 376; x_wconf 79' lang='lat' dir='ltr'>rm</span> 
     </span>
    </p>
   </div>
   <div class='ocr_carea' id='block_1_2' title="bbox 116 461 1226 1822">
    <p class='ocr_par' dir='ltr' id='par_1_2' title="bbox 116 461 1226 1822">
     <span class='ocr_line' id='line_1_2' title="bbox 154 461 1155 548; baseline 0.001 -23"><span class='ocrx_word' id='word_1_7' title='bbox 154 462 296 537; x_wconf 83' lang='lat' dir='ltr'>xandro,</span> <span class='ocrx_word' id='word_1_8' title='bbox 326 462 357 522; x_wconf 91' lang='lat' dir='ltr'>in</span> <span class='ocrx_word' id='word_1_9' title='bbox 372 472 564 542; x_wconf 44' lang='lat' dir='ltr'>&#39;conspectu</span> <span class='ocrx_word' id='word_1_10' title='bbox 598 461 724 522; x_wconf 83' lang='lat' dir='ltr'>leonem</span> <span class='ocrx_word' id='word_1_11' title='bbox 762 462 895 524; x_wconf 79' lang='lat' dir='ltr'>eximiae</span> <span class='ocrx_word' id='word_1_12' title='bbox 928 463 1155 548; x_wconf 75' lang='lat' dir='ltr'>magnitudinis</span> 
     </span>
     <span class='ocr_line' id='line_1_3' title="bbox 153 538 1153 628; baseline 0 -24"><span class='ocrx_word' id='word_1_13' title='bbox 153 543 246 604; x_wconf 88' lang='lat' dir='ltr'>iussit</span> <span class='ocrx_word' id='word_1_14' title='bbox 268 541 380 619; x_wconf 84' lang='lat' dir='ltr'>emitti,</span> <span class='ocrx_word' id='word_1_15' title='bbox 402 553 435 601; x_wconf 91' lang='lat' dir='ltr'>et</span> <span class='ocrx_word' id='word_1_16' title='bbox 455 543 499 601; x_wconf 82' lang='lat' dir='ltr'>tv</span> <span class='ocrx_word' id='word_1_17' title='bbox 522 539 647 602; x_wconf 86' lang='lat' dir='ltr'>omnino</span> <span class='ocrx_word' id='word_1_18' title='bbox 670 538 835 600; x_wconf 88' lang='lat' dir='ltr'>admoveri</span> <span class='ocrx_word' id='word_1_19' title='bbox 858 563 970 622; x_wconf 83' lang='lat' dir='ltr'>canes,</span> <span class='ocrx_word' id='word_1_20' title='bbox 993 545 1047 628; x_wconf 91' lang='lat' dir='ltr'>qui</span> <span class='ocrx_word' id='word_1_21' title='bbox 1070 543 1153 604; x_wconf 89' lang='lat' dir='ltr'>cele·</span> 
     </span>
     <span class='ocr_line' id='line_1_4' title="bbox 153 619 1155 706; baseline 0 -23"><span class='ocrx_word' id='word_1_22' title='bbox 153 625 237 684; x_wconf 85' lang='lat' dir='ltr'>riter</span> <span class='ocrx_word' id='word_1_23' title='bbox 260 622 363 682; x_wconf 83' lang='lat' dir='ltr'>feram</span> <span class='ocrx_word' id='word_1_24' title='bbox 384 631 632 700; x_wconf 81' lang='lat' dir='ltr'>occupaverunt.</span> <span class='ocrx_word' id='word_1_25' title='bbox 677 621 760 678; x_wconf 83' lang='lat' dir='ltr'>Tum</span> <span class='ocrx_word' id='word_1_26' title='bbox 785 640 825 695; x_wconf 80' lang='lat' dir='ltr'>ex</span> <span class='ocrx_word' id='word_1_27' title='bbox 846 619 904 698; x_wconf 88' lang='lat' dir='ltr'>his,</span> <span class='ocrx_word' id='word_1_28' title='bbox 930 626 985 706; x_wconf 86' lang='lat' dir='ltr'>qni</span> <span class='ocrx_word' id='word_1_29' title='bbox 1007 643 1155 684; x_wconf 87' lang='lat' dir='ltr'>assueve-</span> 
     </span>
     <span class='ocr_line' id='line_1_5' title="bbox 153 699 1154 768; baseline 0 -6"><span class='ocrx_word' id='word_1_30' title='bbox 153 715 226 768; x_wconf 86' lang='lat' dir='ltr'>rant</span> <span class='ocrx_word' id='word_1_31' title='bbox 260 699 376 760; x_wconf 87' lang='lat' dir='ltr'>talibus</span> <span class='ocrx_word' id='word_1_32' title='bbox 411 699 608 764; x_wconf 80' lang='lat' dir='ltr'>ministeriis,</span> <span class='ocrx_word' id='word_1_33' title='bbox 643 699 841 760; x_wconf 21' lang='lat' dir='ltr'>unusicanis</span> <span class='ocrx_word' id='word_1_34' title='bbox 871 701 957 762; x_wconf 92' lang='lat' dir='ltr'>leoni</span> <span class='ocrx_word' id='word_1_35' title='bbox 987 723 1058 763; x_wconf 90' lang='lat' dir='ltr'>cum</span> <span class='ocrx_word' id='word_1_36' title='bbox 1086 703 1154 764; x_wconf 91' lang='lat' dir='ltr'>aliis</span> 
     </span>
     <span class='ocr_line' id='line_1_6' title="bbox 154 778 1156 864; baseline -0.003 -22"><span class='ocrx_word' id='word_1_37' title='bbox 154 781 347 842; x_wconf 86' lang='lat' dir='ltr'>inhaerentis</span> <span class='ocrx_word' id='word_1_38' title='bbox 377 799 450 839; x_wconf 89' lang='lat' dir='ltr'>crus</span> <span class='ocrx_word' id='word_1_39' title='bbox 480 779 639 854; x_wconf 85' lang='lat' dir='ltr'>avellere,</span> <span class='ocrx_word' id='word_1_40' title='bbox 676 790 727 854; x_wconf 84' lang='lat' dir='ltr'>et,</span> <span class='ocrx_word' id='word_1_41' title='bbox 756 778 829 861; x_wconf 86' lang='lat' dir='ltr'>quia</span> <span class='ocrx_word' id='word_1_42' title='bbox 860 801 923 841; x_wconf 87' lang='lat' dir='ltr'>uon</span> <span class='ocrx_word' id='word_1_43' title='bbox 951 782 1156 864; x_wconf 75' lang='lat' dir='ltr'><strong>sequebatur,</strong></span> 
     </span>
     <span class='ocr_line' id='line_1_7' title="bbox 153 858 1226 940; baseline 0 -18"><span class='ocrx_word' id='word_1_44' title='bbox 153 863 247 923; x_wconf 77' lang='lat' dir='ltr'>ferro</span> <span class='ocrx_word' id='word_1_45' title='bbox 271 870 435 940; x_wconf 88' lang='lat' dir='ltr'>amputare</span> <span class='ocrx_word' id='word_1_46' title='bbox 458 859 580 938; x_wconf 85' lang='lat' dir='ltr'>coepit:</span> <span class='ocrx_word' id='word_1_47' title='bbox 612 877 651 916; x_wconf 90' lang='lat' dir='ltr'>ne</span> <span class='ocrx_word' id='word_1_48' title='bbox 674 858 718 917; x_wconf 89' lang='lat' dir='ltr'>sic</span> <span class='ocrx_word' id='word_1_49' title='bbox 740 858 868 940; x_wconf 87' lang='lat' dir='ltr'>quidem</span> <span class='ocrx_word' id='word_1_50' title='bbox 889 862 1062 940; x_wconf 77' lang='lat' dir='ltr'>pertinacia</span> <span class='ocrx_word' id='word_1_51' title='bbox 1090 861 1188 922; x_wconf 77' lang='lat' dir='ltr'>ric-³3</span> <span class='ocrx_word' id='word_1_52' title='bbox 1225 859 1226 862; x_wconf 58' lang='grc'>’</span> 
     </span>
     <span class='ocr_line' id='line_1_8' title="bbox 153 937 1152 1017; baseline -0.002 -15"><span class='ocrx_word' id='word_1_53' title='bbox 153 954 197 1016; x_wconf 86' lang='lat' dir='ltr'>ta,</span> <span class='ocrx_word' id='word_1_54' title='bbox 218 960 329 1000; x_wconf 88' lang='lat' dir='ltr'>rursus</span> <span class='ocrx_word' id='word_1_55' title='bbox 351 938 588 1017; x_wconf 87' lang='lat' dir='ltr'>aliampartem</span> <span class='ocrx_word' id='word_1_56' title='bbox 610 956 720 997; x_wconf 88' lang='lat' dir='ltr'>secare</span> <span class='ocrx_word' id='word_1_57' title='bbox 741 937 869 1013; x_wconf 86' lang='lat' dir='ltr'>institit,</span> <span class='ocrx_word' id='word_1_58' title='bbox 892 952 924 998; x_wconf 92' lang='lat' dir='ltr'>et</span> <span class='ocrx_word' id='word_1_59' title='bbox 951 941 1066 1000; x_wconf 92' lang='lat' dir='ltr'>deinde</span> <span class='ocrx_word' id='word_1_60' title='bbox 1088 961 1152 1000; x_wconf 91' lang='lat' dir='ltr'>non</span> 
     </span>
     <span class='ocr_line' id='line_1_9' title="bbox 154 1015 1154 1082; baseline -0.003 -1"><span class='ocrx_word' id='word_1_61' title='bbox 154 1042 189 1082; x_wconf 89' lang='lat' dir='ltr'>se</span> <span class='ocrx_word' id='word_1_62' title='bbox 214 1019 282 1078; x_wconf 89' lang='lat' dir='ltr'>nius</span> <span class='ocrx_word' id='word_1_63' title='bbox 312 1017 531 1076; x_wconf 82' lang='lat' dir='ltr'>inhaerentem</span> <span class='ocrx_word' id='word_1_64' title='bbox 563 1015 654 1077; x_wconf 85' lang='lat' dir='ltr'>ferro</span> <span class='ocrx_word' id='word_1_65' title='bbox 680 1015 814 1076; x_wconf 87' lang='lat' dir='ltr'>subinde</span> <span class='ocrx_word' id='word_1_66' title='bbox 836 1019 999 1082; x_wconf 86' lang='lat' dir='ltr'>caedebat.</span> <span class='ocrx_word' id='word_1_67' title='bbox 1042 1019 1099 1079; x_wconf 91' lang='lat' dir='ltr'>Ille</span> <span class='ocrx_word' id='word_1_68' title='bbox 1121 1019 1154 1078; x_wconf 92' lang='lat' dir='ltr'>in</span> 
     </span>
     <span class='ocr_line' id='line_1_10' title="bbox 116 1041 1149 1180; baseline -0.001 -21"><span class='ocrx_word' id='word_1_69' title='bbox 116 1158 119 1167; x_wconf 76' lang='grc'><strong>,</strong></span> <span class='ocrx_word' id='word_1_70' title='bbox 156 1041 290 1160; x_wconf 66' lang='lat' dir='ltr'>rainere</span> <span class='ocrx_word' id='word_1_71' title='bbox 320 1096 409 1156; x_wconf 84' lang='lat' dir='ltr'>ferae</span> <span class='ocrx_word' id='word_1_72' title='bbox 437 1096 549 1155; x_wconf 87' lang='lat' dir='ltr'>dentes</span> <span class='ocrx_word' id='word_1_73' title='bbox 584 1095 792 1155; x_wconf 85' lang='lat' dir='ltr'>moribundus</span> <span class='ocrx_word' id='word_1_74' title='bbox 827 1117 958 1180; x_wconf 87' lang='lat' dir='ltr'>quoque</span> <span class='ocrx_word' id='word_1_75' title='bbox 992 1095 1149 1158; x_wconf 82' lang='lat' dir='ltr'>infixerat:</span> 
     </span>
     <span class='ocr_line' id='line_1_11' title="bbox 154 1173 1155 1258; baseline -0.004 -18"><span class='ocrx_word' id='word_1_76' title='bbox 154 1191 272 1240; x_wconf 87' lang='lat' dir='ltr'>tantam</span> <span class='ocrx_word' id='word_1_77' title='bbox 308 1177 340 1236; x_wconf 90' lang='lat' dir='ltr'>in</span> <span class='ocrx_word' id='word_1_78' title='bbox 367 1175 427 1234; x_wconf 89' lang='lat' dir='ltr'>illis</span> <span class='ocrx_word' id='word_1_79' title='bbox 456 1173 641 1234; x_wconf 87' lang='lat' dir='ltr'>animalibus</span> <span class='ocrx_word' id='word_1_80' title='bbox 668 1175 707 1234; x_wconf 92' lang='lat' dir='ltr'>ad</span> <span class='ocrx_word' id='word_1_81' title='bbox 742 1176 920 1237; x_wconf 88' lang='lat' dir='ltr'>venandum</span> <span class='ocrx_word' id='word_1_82' title='bbox 950 1177 1155 1258; x_wconf 83' lang='lat' dir='ltr'>cupiditatem</span> 
     </span>
     <span class='ocr_line' id='line_1_12' title="bbox 154 1254 1194 1340; baseline -0.007 -22"><span class='ocrx_word' id='word_1_83' title='bbox 154 1261 358 1340; x_wconf 79' lang='lat' dir='ltr'>ingenerasse</span> <span class='ocrx_word' id='word_1_84' title='bbox 386 1265 529 1314; x_wconf 88' lang='lat' dir='ltr'>naturam</span> <span class='ocrx_word' id='word_1_85' title='bbox 557 1254 732 1316; x_wconf 88' lang='lat' dir='ltr'>memoriae</span> <span class='ocrx_word' id='word_1_86' title='bbox 762 1254 927 1335; x_wconf 90' lang='lat' dir='ltr'>proditum</span> <span class='ocrx_word' id='word_1_87' title='bbox 957 1267 1015 1320; x_wconf 85' lang='lat' dir='ltr'>est.</span> <span class='ocrx_word' id='word_1_88' title='bbox 1058 1256 1194 1334; x_wconf 77' lang='lat' dir='ltr'>Equi-n</span> 
     </span>
     <span class='ocr_line' id='line_1_13' title="bbox 155 1333 1153 1417; baseline -0.003 -20"><span class='ocrx_word' id='word_1_89' title='bbox 155 1341 229 1400; x_wconf 89' lang='lat' dir='ltr'>dem</span> <span class='ocrx_word' id='word_1_90' title='bbox 255 1337 349 1417; x_wconf 87' lang='lat' dir='ltr'>plura</span> <span class='ocrx_word' id='word_1_91' title='bbox 379 1333 593 1412; x_wconf 86' lang='lat' dir='ltr'>transscribo,</span> <span class='ocrx_word' id='word_1_92' title='bbox 622 1356 716 1416; x_wconf 91' lang='lat' dir='ltr'>quam</span> <span class='ocrx_word' id='word_1_93' title='bbox 739 1335 857 1398; x_wconf 87' lang='lat' dir='ltr'>credo:</span> <span class='ocrx_word' id='word_1_94' title='bbox 880 1357 950 1395; x_wconf 89' lang='lat' dir='ltr'>nam</span> <span class='ocrx_word' id='word_1_95' title='bbox 980 1355 1039 1396; x_wconf 87' lang='lat' dir='ltr'>nec</span> <span class='ocrx_word' id='word_1_96' title='bbox 1067 1333 1153 1396; x_wconf 81' lang='lat' dir='ltr'>ai&#39;fir-</span> 
     </span>
     <span class='ocr_line' id='line_1_14' title="bbox 154 1413 1151 1498; baseline -0.006 -18"><span class='ocrx_word' id='word_1_97' title='bbox 154 1439 241 1480; x_wconf 87' lang='lat' dir='ltr'>mare</span> <span class='ocrx_word' id='word_1_98' title='bbox 267 1414 419 1487; x_wconf 78' lang='lat' dir='ltr'>sustineo,</span> <span class='ocrx_word' id='word_1_99' title='bbox 442 1413 482 1472; x_wconf 87' lang='lat' dir='ltr'>de</span> <span class='ocrx_word' id='word_1_100' title='bbox 504 1413 619 1494; x_wconf 88' lang='lat' dir='ltr'>quibus</span> <span class='ocrx_word' id='word_1_101' title='bbox 642 1414 764 1490; x_wconf 88' lang='lat' dir='ltr'>dubito,</span> <span class='ocrx_word' id='word_1_102' title='bbox 781 1435 840 1476; x_wconf 91' lang='lat' dir='ltr'>nec</span> <span class='ocrx_word' id='word_1_103' title='bbox 855 1415 1048 1496; x_wconf 81' lang='lat' dir='ltr'>subducere,</span> <span class='ocrx_word' id='word_1_104' title='bbox 1070 1435 1151 1498; x_wconf 88' lang='lat' dir='ltr'>quae</span> 
     </span>
     <span class='ocr_line' id='line_1_15' title="bbox 155 1493 1191 1577; baseline -0.005 -19"><span class='ocrx_word' id='word_1_105' title='bbox 155 1496 276 1577; x_wconf 85' lang='lat' dir='ltr'>accepi.</span> <span class='ocrx_word' id='word_1_106' title='bbox 317 1495 445 1554; x_wconf 89' lang='lat' dir='ltr'>Relicto</span> <span class='ocrx_word' id='word_1_107' title='bbox 475 1493 574 1574; x_wconf 89' lang='lat' dir='ltr'>igitur</span> <span class='ocrx_word' id='word_1_108' title='bbox 602 1493 738 1574; x_wconf 88' lang='lat' dir='ltr'>Sophite</span> <span class='ocrx_word' id='word_1_109' title='bbox 761 1495 791 1552; x_wconf 90' lang='lat' dir='ltr'>in</span> <span class='ocrx_word' id='word_1_110' title='bbox 814 1517 871 1554; x_wconf 91' lang='lat' dir='ltr'>suo</span> <span class='ocrx_word' id='word_1_111' title='bbox 893 1517 1010 1575; x_wconf 88' lang='lat' dir='ltr'>regno,</span> <span class='ocrx_word' id='word_1_112' title='bbox 1036 1495 1075 1556; x_wconf 88' lang='lat' dir='ltr'>ad</span> <span class='ocrx_word' id='word_1_113' title='bbox 1096 1493 1191 1554; x_wconf 74' lang='lat' dir='ltr'>tiu-³⁵</span> 
     </span>
     <span class='ocr_line' id='line_1_16' title="bbox 155 1572 1152 1656; baseline -0.005 -19"><span class='ocrx_word' id='word_1_114' title='bbox 155 1577 241 1638; x_wconf 85' lang='lat' dir='ltr'>vium</span> <span class='ocrx_word' id='word_1_115' title='bbox 265 1573 429 1654; x_wconf 83' lang='lat' dir='ltr'>Hyphasin</span> <span class='ocrx_word' id='word_1_116' title='bbox 452 1573 625 1650; x_wconf 90' lang='lat' dir='ltr'>processit,</span> <span class='ocrx_word' id='word_1_117' title='bbox 647 1572 897 1653; x_wconf 83' lang='lat' dir='ltr'>Hephaestione,</span> <span class='ocrx_word' id='word_1_118' title='bbox 919 1575 975 1656; x_wconf 88' lang='lat' dir='ltr'>qni</span> <span class='ocrx_word' id='word_1_119' title='bbox 995 1575 1152 1636; x_wconf 84' lang='lat' dir='ltr'>diversam</span> 
     </span>
     <span class='ocr_line' id='line_1_17' title="bbox 155 1652 1195 1737; baseline -0.005 -21"><span class='ocrx_word' id='word_1_120' title='bbox 155 1656 319 1737; x_wconf 81' lang='lat' dir='ltr'>regionem</span> <span class='ocrx_word' id='word_1_121' title='bbox 342 1652 526 1732; x_wconf 82' lang='lat' dir='ltr'>subegerat,</span> <span class='ocrx_word' id='word_1_122' title='bbox 549 1653 729 1712; x_wconf 85' lang='lat' dir='ltr'>coniuncto.</span> <span class='ocrx_word' id='word_1_123' title='bbox 778 1653 927 1734; x_wconf 85' lang='lat' dir='ltr'>Phegeus</span> <span class='ocrx_word' id='word_1_124' title='bbox 959 1667 1027 1714; x_wconf 91' lang='lat' dir='ltr'>erat</span> <span class='ocrx_word' id='word_1_125' title='bbox 1052 1653 1153 1736; x_wconf 86' lang='lat' dir='ltr'>gentis</span> <span class='ocrx_word' id='word_1_126' title='bbox 1163 1659 1195 1704; x_wconf 77' lang='grc'>36</span> 
     </span>
     <span class='ocr_line' id='line_1_18' title="bbox 154 1729 1154 1822; baseline -0.003 -28"><span class='ocrx_word' id='word_1_127' title='bbox 154 1735 318 1817; x_wconf 80' lang='lat' dir='ltr'>proximae</span> <span class='ocrx_word' id='word_1_128' title='bbox 340 1751 415 1822; x_wconf 61' lang='lat' dir='ltr'>res:</span> <span class='ocrx_word' id='word_1_129' title='bbox 438 1729 510 1821; x_wconf 68' lang='lat' dir='ltr'>spui,</span> <span class='ocrx_word' id='word_1_130' title='bbox 542 1731 750 1810; x_wconf 85' lang='lat' dir='ltr'>popularibus</span> <span class='ocrx_word' id='word_1_131' title='bbox 772 1732 836 1791; x_wconf 85' lang='lat' dir='ltr'>suis</span> <span class='ocrx_word' id='word_1_132' title='bbox 859 1733 968 1791; x_wconf 85' lang='lat' dir='ltr'>colere</span> <span class='ocrx_word' id='word_1_133' title='bbox 989 1754 1094 1812; x_wconf 88' lang='lat' dir='ltr'>agros,</span> <span class='ocrx_word' id='word_1_134' title='bbox 1117 1745 1154 1791; x_wconf 87' lang='lat' dir='ltr'>ut</span> 
     </span>
    </p>
   </div>
   <div class='ocr_carea' id='block_1_3' title="bbox 72 1809 1154 1888">
    <p class='ocr_par' dir='ltr' id='par_1_3' title="bbox 72 1809 1154 1888">
     <span class='ocr_line' id='line_1_19' title="bbox 72 1809 1154 1888; baseline -0.006 -14"><span class='ocrx_word' id='word_1_135' title='bbox 72 1856 79 1868; x_wconf 49' lang='grc' dir='ltr'><em>ι</em></span> <span class='ocrx_word' id='word_1_136' title='bbox 156 1822 367 1884; x_wconf 78' lang='lat' dir='ltr'>assueverant,</span> <span class='ocrx_word' id='word_1_137' title='bbox 388 1829 490 1880; x_wconf 82' lang='lat' dir='ltr'>russis,</span> <span class='ocrx_word' id='word_1_138' title='bbox 513 1809 695 1870; x_wconf 75' lang='lat' dir='ltr'>Alexandro</span> <span class='ocrx_word' id='word_1_139' title='bbox 722 1829 795 1868; x_wconf 91' lang='lat' dir='ltr'>cum</span> <span class='ocrx_word' id='word_1_140' title='bbox 817 1809 907 1871; x_wconf 88' lang='lat' dir='ltr'>donis</span> <span class='ocrx_word' id='word_1_141' title='bbox 933 1811 1086 1888; x_wconf 88' lang='lat' dir='ltr'>occurrit,</span> <span class='ocrx_word' id='word_1_142' title='bbox 1108 1813 1154 1869; x_wconf 92' lang='lat' dir='ltr'>ni·</span> 
     </span>
    </p>
   </div>
   <div class='ocr_carea' id='block_1_4' title="bbox 77 1888 1196 2686">
    <p class='ocr_par' dir='ltr' id='par_1_4' title="bbox 155 1888 728 1974">
     <span class='ocr_line' id='line_1_20' title="bbox 155 1888 728 1974; baseline -0.014 -20"><span class='ocrx_word' id='word_1_143' title='bbox 155 1894 201 1954; x_wconf 90' lang='lat' dir='ltr'>hil</span> <span class='ocrx_word' id='word_1_144' title='bbox 226 1891 314 1974; x_wconf 87' lang='lat' dir='ltr'>quod</span> <span class='ocrx_word' id='word_1_145' title='bbox 334 1891 510 1968; x_wconf 86' lang='lat' dir='ltr'>imperaret</span> <span class='ocrx_word' id='word_1_146' title='bbox 535 1888 728 1947; x_wconf 91' lang='lat' dir='ltr'>detrectans.</span> 
     </span>
    </p>

    <p class='ocr_par' dir='ltr' id='par_1_5' title="bbox 77 1965 1196 2686">
     <span class='ocr_line' id='line_1_21' title="bbox 311 1965 1196 2046; baseline 0 -18"><span class='ocrx_word' id='word_1_147' title='bbox 311 1969 451 2029; x_wconf 88' lang='lat' dir='ltr'>Biduum</span> <span class='ocrx_word' id='word_1_148' title='bbox 483 1967 566 2046; x_wconf 90' lang='lat' dir='ltr'>apud</span> <span class='ocrx_word' id='word_1_149' title='bbox 595 1988 666 2028; x_wconf 90' lang='lat' dir='ltr'>eum</span> <span class='ocrx_word' id='word_1_150' title='bbox 685 1965 830 2026; x_wconf 42' lang='lat' dir='ltr'>*substitit</span> <span class='ocrx_word' id='word_1_151' title='bbox 858 1985 935 2028; x_wconf 84' lang='lat' dir='ltr'>rex:</span> <span class='ocrx_word' id='word_1_152' title='bbox 979 1967 1075 2028; x_wconf 86' lang='lat' dir='ltr'>tertio</span> <span class='ocrx_word' id='word_1_153' title='bbox 1103 1967 1196 2044; x_wconf 87' lang='lat' dir='ltr'>die7</span> 
     </span>
     <span class='ocr_line' id='line_1_22' title="bbox 169 2029 1157 2128; baseline -0.004 -18"><span class='ocrx_word' id='word_1_154' title='bbox 169 2029 191 2071; x_wconf 77' lang='lat'>¹‘</span> <span class='ocrx_word' id='word_1_155' title='bbox 234 2071 357 2110; x_wconf 90' lang='lat' dir='ltr'>amnem</span> <span class='ocrx_word' id='word_1_156' title='bbox 391 2067 546 2128; x_wconf 84' lang='lat' dir='ltr'>superare</span> <span class='ocrx_word' id='word_1_157' title='bbox 584 2045 960 2115; x_wconf 84' lang='lat' dir='ltr'>decreverat,&#39;transitu</span> <span class='ocrx_word' id='word_1_158' title='bbox 992 2044 1157 2106; x_wconf 76' lang='lat' dir='ltr'>difficilem</span> 
     </span>
     <span class='ocr_line' id='line_1_23' title="bbox 155 2125 1156 2210; baseline -0.002 -22"><span class='ocrx_word' id='word_1_159' title='bbox 155 2149 219 2189; x_wconf 88' lang='lat' dir='ltr'>non</span> <span class='ocrx_word' id='word_1_160' title='bbox 241 2129 343 2210; x_wconf 89' lang='lat' dir='ltr'>spatio</span> <span class='ocrx_word' id='word_1_161' title='bbox 367 2129 471 2187; x_wconf 90' lang='lat' dir='ltr'>solum</span> <span class='ocrx_word' id='word_1_162' title='bbox 493 2147 655 2206; x_wconf 82' lang='lat' dir='ltr'>aquarum,</span> <span class='ocrx_word' id='word_1_163' title='bbox 678 2126 734 2185; x_wconf 90' lang='lat' dir='ltr'>sed</span> <span class='ocrx_word' id='word_1_164' title='bbox 752 2125 844 2185; x_wconf 84' lang='lat' dir='ltr'>etiam</span> <span class='ocrx_word' id='word_1_165' title='bbox 861 2125 940 2184; x_wconf 84' lang='lat' dir='ltr'>saxis</span> <span class='ocrx_word' id='word_1_166' title='bbox 956 2126 1156 2207; x_wconf 84' lang='lat' dir='ltr'>impeditum.</span> 
     </span>
     <span class='ocr_line' id='line_1_24' title="bbox 154 2205 1195 2288; baseline -0.006 -20"><span class='ocrx_word' id='word_1_167' title='bbox 154 2211 366 2270; x_wconf 90' lang='lat' dir='ltr'>Percontatus</span> <span class='ocrx_word' id='word_1_168' title='bbox 391 2207 488 2288; x_wconf 81' lang='lat' dir='ltr'>igitur</span> <span class='ocrx_word' id='word_1_169' title='bbox 509 2205 670 2286; x_wconf 85' lang='lat' dir='ltr'>Phegea,-</span> <span class='ocrx_word' id='word_1_170' title='bbox 687 2225 768 2288; x_wconf 91' lang='lat' dir='ltr'>quae</span> <span class='ocrx_word' id='word_1_171' title='bbox 795 2207 956 2268; x_wconf 85' lang='lat' dir='ltr'>noscenda</span> <span class='ocrx_word' id='word_1_172' title='bbox 984 2207 1157 2284; x_wconf 79' lang='lat' dir='ltr'>erant,X1</span> <span class='ocrx_word' id='word_1_173' title='bbox 1180 2220 1195 2261; x_wconf 84' lang='lat'><em>2</em></span> 
     </span>
     <span class='ocr_line' id='line_1_25' title="bbox 156 2284 1155 2364; baseline -0.002 -16"><span class='ocrx_word' id='word_1_174' title='bbox 156 2289 280 2348; x_wconf 89' lang='lat' dir='ltr'>dierum</span> <span class='ocrx_word' id='word_1_175' title='bbox 309 2288 393 2346; x_wconf 86' lang='lat' dir='ltr'>ultra</span> <span class='ocrx_word' id='word_1_176' title='bbox 420 2287 543 2346; x_wconf 83' lang='lat' dir='ltr'>flumen</span> <span class='ocrx_word' id='word_1_177' title='bbox 573 2305 632 2364; x_wconf 88' lang='lat' dir='ltr'>per</span> <span class='ocrx_word' id='word_1_178' title='bbox 660 2297 763 2345; x_wconf 84' lang='lat' dir='ltr'>vastas</span> <span class='ocrx_word' id='word_1_179' title='bbox 794 2286 980 2347; x_wconf 84' lang='lat' dir='ltr'>solitudines</span> <span class='ocrx_word' id='word_1_180' title='bbox 1001 2284 1063 2347; x_wconf 89' lang='lat' dir='ltr'>iter</span> <span class='ocrx_word' id='word_1_181' title='bbox 1085 2307 1155 2348; x_wconf 89' lang='lat' dir='ltr'>esse</span> 
     </span>
     <span class='ocr_line' id='line_1_26' title="bbox 157 2363 1155 2447; baseline -0.004 -17"><span class='ocrx_word' id='word_1_182' title='bbox 157 2388 194 2430; x_wconf 87' lang='lat' dir='ltr'>co</span> <span class='ocrx_word' id='word_1_183' title='bbox 222 2366 341 2442; x_wconf 77' lang='lat' dir='ltr'>noscit,</span> <span class='ocrx_word' id='word_1_184' title='bbox 365 2369 513 2446; x_wconf 84' lang='lat' dir='ltr'>excipere</span> <span class='ocrx_word' id='word_1_185' title='bbox 536 2363 652 2424; x_wconf 89' lang='lat' dir='ltr'>deinde</span> <span class='ocrx_word' id='word_1_186' title='bbox 677 2366 825 2447; x_wconf 84' lang='lat' dir='ltr'>Gangen,</span> <span class='ocrx_word' id='word_1_187' title='bbox 847 2369 1027 2426; x_wconf 84' lang='lat' dir='ltr'>maximum</span> <span class='ocrx_word' id='word_1_188' title='bbox 1056 2367 1155 2430; x_wconf 85' lang='lat' dir='ltr'>totius</span> 
     </span>
     <span class='ocr_line' id='line_1_27' title="bbox 155 2388 1192 2528; baseline 0 -24"><span class='ocrx_word' id='word_1_189' title='bbox 155 2388 261 2506; x_wconf 67' lang='lat' dir='ltr'>Indiae</span> <span class='ocrx_word' id='word_1_190' title='bbox 297 2445 484 2506; x_wconf 76' lang='lat' dir='ltr'>fluminum:</span> <span class='ocrx_word' id='word_1_191' title='bbox 525 2445 716 2508; x_wconf 82' lang='lat' dir='ltr'>ulteriorem</span> <span class='ocrx_word' id='word_1_192' title='bbox 754 2445 855 2528; x_wconf 82' lang='lat' dir='ltr'>ripam</span> <span class='ocrx_word' id='word_1_193' title='bbox 891 2446 1000 2506; x_wconf 89' lang='lat' dir='ltr'>colere</span> <span class='ocrx_word' id='word_1_194' title='bbox 1043 2455 1192 2528; x_wconf 78' lang='lat' dir='ltr'>gentes³</span> 
     </span>
     <span class='ocr_line' id='line_1_28' title="bbox 77 2525 1153 2607; baseline -0.002 -23"><span class='ocrx_word' id='word_1_195' title='bbox 77 2587 80 2592; x_wconf 71' lang='grc'><strong><em>,</em></strong></span> <span class='ocrx_word' id='word_1_196' title='bbox 157 2525 352 2607; x_wconf 88' lang='lat' dir='ltr'>Gangaridas</span> <span class='ocrx_word' id='word_1_197' title='bbox 375 2537 407 2585; x_wconf 85' lang='lat' dir='ltr'>et</span> <span class='ocrx_word' id='word_1_198' title='bbox 427 2525 567 2596; x_wconf 87' lang='lat' dir='ltr'>Prasios,</span> <span class='ocrx_word' id='word_1_199' title='bbox 593 2543 769 2605; x_wconf 86' lang='lat' dir='ltr'>eorumque</span> <span class='ocrx_word' id='word_1_200' title='bbox 785 2545 897 2604; x_wconf 89' lang='lat' dir='ltr'>regem</span> <span class='ocrx_word' id='word_1_201' title='bbox 914 2545 983 2584; x_wconf 84' lang='lat' dir='ltr'>esse</span> <span class='ocrx_word' id='word_1_202' title='bbox 1000 2527 1153 2606; x_wconf 81' lang='lat' dir='ltr'>Aggram-</span> 
     </span>
     <span class='ocr_line' id='line_1_29' title="bbox 156 2602 1152 2686; baseline -0.004 -22"><span class='ocrx_word' id='word_1_203' title='bbox 156 2625 251 2682; x_wconf 83' lang='lat' dir='ltr'>mem,</span> <span class='ocrx_word' id='word_1_204' title='bbox 272 2605 331 2662; x_wconf 83' lang='lat' dir='ltr'>XX</span> <span class='ocrx_word' id='word_1_205' title='bbox 354 2604 481 2664; x_wconf 85' lang='lat' dir='ltr'>milibus</span> <span class='ocrx_word' id='word_1_206' title='bbox 505 2603 647 2686; x_wconf 86' lang='lat' dir='ltr'>equitum</span> <span class='ocrx_word' id='word_1_207' title='bbox 668 2603 876 2684; x_wconf 86' lang='lat' dir='ltr'>ducentisque</span> <span class='ocrx_word' id='word_1_208' title='bbox 903 2603 1047 2682; x_wconf 85' lang='lat' dir='ltr'>peditum</span> <span class='ocrx_word' id='word_1_209' title='bbox 1069 2602 1152 2664; x_wconf 88' lang='lat' dir='ltr'>ohsi-</span> 
     </span>
    </p>
   </div>
   <div class='ocr_carea' id='block_1_5' title="bbox 155 2833 1210 3444">
    <p class='ocr_par' dir='ltr' id='par_1_6' title="bbox 156 2833 1210 3092">
     <span class='ocr_line' id='line_1_30' title="bbox 207 2833 1153 2904; baseline -0.001 -20"><span class='ocrx_word' id='word_1_210' title='bbox 207 2833 250 2899; x_wconf 77' lang='lat'>3‘2)</span> <span class='ocrx_word' id='word_1_211' title='bbox 269 2850 320 2898; x_wconf 89' lang='lat' dir='ltr'>pro</span> <span class='ocrx_word' id='word_1_212' title='bbox 340 2836 368 2884; x_wconf 79' lang='lat' dir='ltr'>in</span> <span class='ocrx_word' id='word_1_213' title='bbox 387 2849 533 2904; x_wconf 84' lang='lat' dir='ltr'>conspectu</span> <span class='ocrx_word' id='word_1_214' title='bbox 551 2839 590 2886; x_wconf 83' lang='lat' dir='ltr'>Fi.</span> <span class='ocrx_word' id='word_1_215' title='bbox 610 2837 685 2889; x_wconf 79' lang='lat' dir='ltr'>Leid.</span> <span class='ocrx_word' id='word_1_216' title='bbox 706 2838 735 2886; x_wconf 85' lang='lat' dir='ltr'>in</span> <span class='ocrx_word' id='word_1_217' title='bbox 752 2845 896 2904; x_wconf 76' lang='lat' dir='ltr'>conseptu,</span> <span class='ocrx_word' id='word_1_218' title='bbox 916 2833 1011 2886; x_wconf 82' lang='lat' dir='ltr'>eodem</span> <span class='ocrx_word' id='word_1_219' title='bbox 1031 2833 1153 2885; x_wconf 89' lang='lat' dir='ltr'>ducenti·</span> 
     </span>
     <span class='ocr_line' id='line_1_31' title="bbox 156 2899 1153 2971; baseline -0.001 -20"><span class='ocrx_word' id='word_1_220' title='bbox 156 2902 206 2951; x_wconf 81' lang='lat' dir='ltr'>hus</span> <span class='ocrx_word' id='word_1_221' title='bbox 231 2903 345 2966; x_wconf 80' lang='lat' dir='ltr'>vestigiis</span> <span class='ocrx_word' id='word_1_222' title='bbox 370 2904 415 2950; x_wconf 83' lang='lat' dir='ltr'>all.</span> <span class='ocrx_word' id='word_1_223' title='bbox 439 2904 536 2968; x_wconf 89' lang='lat' dir='ltr'>Codd.;</span> <span class='ocrx_word' id='word_1_224' title='bbox 571 2905 646 2954; x_wconf 81' lang='lat' dir='ltr'>Frsh.</span> <span class='ocrx_word' id='word_1_225' title='bbox 673 2905 751 2971; x_wconf 88' lang='lat' dir='ltr'>prob.</span> <span class='ocrx_word' id='word_1_226' title='bbox 781 2899 923 2970; x_wconf 74' lang='lat' dir='ltr'>chrisepto,</span> <span class='ocrx_word' id='word_1_227' title='bbox 958 2902 1030 2968; x_wconf 87' lang='lat' dir='ltr'>qnod</span> <span class='ocrx_word' id='word_1_228' title='bbox 1060 2919 1153 2968; x_wconf 84' lang='lat' dir='ltr'>recep.</span> 
     </span>
     <span class='ocr_line' id='line_1_32' title="bbox 157 2968 1153 3047; baseline 0 -29"><span class='ocrx_word' id='word_1_229' title='bbox 157 2969 291 3020; x_wconf 81' lang='lat' dir='ltr'>Schmied.</span> <span class='ocrx_word' id='word_1_230' title='bbox 312 2999 344 3008; x_wconf 90' lang='lat'>—</span> <span class='ocrx_word' id='word_1_231' title='bbox 374 2968 449 3047; x_wconf 70' lang='lat' dir='ltr'>Frsb.</span> <span class='ocrx_word' id='word_1_232' title='bbox 468 2988 567 3039; x_wconf 80' lang='lat' dir='ltr'>quum</span> <span class='ocrx_word' id='word_1_233' title='bbox 587 2990 620 3020; x_wconf 77' lang='lat' dir='ltr'>ex</span> <span class='ocrx_word' id='word_1_234' title='bbox 638 2971 689 3020; x_wconf 83' lang='lat' dir='ltr'>bis.</span> <span class='ocrx_word' id='word_1_235' title='bbox 710 2999 740 3009; x_wconf 91' lang='lat'>-</span> <span class='ocrx_word' id='word_1_236' title='bbox 776 2971 851 3022; x_wconf 88' lang='lat' dir='ltr'>Mod.</span> <span class='ocrx_word' id='word_1_237' title='bbox 875 2971 992 3022; x_wconf 86' lang='lat' dir='ltr'>Theocr.</span> <span class='ocrx_word' id='word_1_238' title='bbox 1010 2971 1045 3020; x_wconf 91' lang='lat' dir='ltr'>al.</span> <span class='ocrx_word' id='word_1_239' title='bbox 1069 2972 1153 3021; x_wconf 81' lang='lat' dir='ltr'>unius</span> 
     </span>
     <span class='ocr_line' id='line_1_33' title="bbox 156 3051 1210 3092; baseline -0.003 -5"><span class='ocrx_word' id='word_1_240' title='bbox 156 3053 230 3087; x_wconf 80' lang='lat' dir='ltr'>conr,</span> <span class='ocrx_word' id='word_1_241' title='bbox 251 3051 310 3086; x_wconf 89' lang='lat' dir='ltr'>cum</span> <span class='ocrx_word' id='word_1_242' title='bbox 330 3053 417 3087; x_wconf 76' lang='lat' dir='ltr'>ciariis.</span> <span class='ocrx_word' id='word_1_243' title='bbox 631 3075 634 3084; x_wconf 94' lang='lat'><em>.</em></span> <span class='ocrx_word' id='word_1_244' title='bbox 682 3087 683 3090; x_wconf 53' lang='lat'>,</span> <span class='ocrx_word' id='word_1_245' title='bbox 782 3061 784 3072; x_wconf 91' lang='lat'><em>·</em></span> <span class='ocrx_word' id='word_1_246' title='bbox 1103 3058 1107 3062; x_wconf 88' lang='grc'><em>·</em></span> <span class='ocrx_word' id='word_1_247' title='bbox 1208 3085 1210 3092; x_wconf 27' lang='lat' dir='ltr'><strong><em>s</em></strong></span> 
     </span>
    </p>

    <p class='ocr_par' dir='ltr' id='par_1_7' title="bbox 207 3101 1152 3164">
     <span class='ocr_line' id='line_1_34' title="bbox 207 3101 1152 3164; baseline -0.002 -10"><span class='ocrx_word' id='word_1_248' title='bbox 207 3105 252 3164; x_wconf 76' lang='lat'>33)</span> <span class='ocrx_word' id='word_1_249' title='bbox 270 3104 345 3154; x_wconf 86' lang='lat' dir='ltr'>Frsh.</span> <span class='ocrx_word' id='word_1_250' title='bbox 366 3119 424 3154; x_wconf 87' lang='lat' dir='ltr'>nec</span> <span class='ocrx_word' id='word_1_251' title='bbox 444 3101 494 3152; x_wconf 78' lang='lat' dir='ltr'>sic.</span> <span class='ocrx_word' id='word_1_252' title='bbox 509 3131 540 3141; x_wconf 92' lang='lat'>—</span> <span class='ocrx_word' id='word_1_253' title='bbox 558 3122 650 3154; x_wconf 80' lang='lat' dir='ltr'>secure</span> <span class='ocrx_word' id='word_1_254' title='bbox 670 3107 815 3156; x_wconf 77' lang='lat' dir='ltr'>institit</span> <span class='ocrx_word' id='word_1_255' title='bbox 825 3108 855 3154; x_wconf 85' lang='lat' dir='ltr'>it</span> <span class='ocrx_word' id='word_1_256' title='bbox 874 3105 928 3155; x_wconf 75' lang='lat' dir='ltr'>Pu.</span> <span class='ocrx_word' id='word_1_257' title='bbox 952 3123 972 3157; x_wconf 84' lang='lat' dir='ltr'>t.</span> <span class='ocrx_word' id='word_1_258' title='bbox 989 3136 1018 3144; x_wconf 85' lang='lat'>-</span> <span class='ocrx_word' id='word_1_259' title='bbox 1038 3107 1152 3158; x_wconf 72' lang='lat' dir='ltr'>Voss-2.</span> 
     </span>
    </p>

    <p class='ocr_par' dir='ltr' id='par_1_8' title="bbox 155 3170 1054 3240">
     <span class='ocr_line' id='line_1_35' title="bbox 155 3170 1054 3240; baseline 0.002 -20"><span class='ocrx_word' id='word_1_260' title='bbox 155 3173 183 3221; x_wconf 85' lang='lat' dir='ltr'>B.</span> <span class='ocrx_word' id='word_1_261' title='bbox 205 3189 228 3227; x_wconf 62' lang='grc' dir='ltr'>α.</span> <span class='ocrx_word' id='word_1_262' title='bbox 248 3175 377 3222; x_wconf 80' lang='lat' dir='ltr'>ntentnriu</span> <span class='ocrx_word' id='word_1_263' title='bbox 394 3170 490 3240; x_wconf 85' lang='lat' dir='ltr'>prod.,·</span> <span class='ocrx_word' id='word_1_264' title='bbox 511 3172 545 3222; x_wconf 81' lang='lat' dir='ltr'>cs.</span> <span class='ocrx_word' id='word_1_265' title='bbox 563 3173 675 3239; x_wconf 82' lang='lat' dir='ltr'>Herzog.</span> <span class='ocrx_word' id='word_1_266' title='bbox 693 3174 729 3236; x_wconf 11' lang='lat' dir='ltr'>,ad</span> <span class='ocrx_word' id='word_1_267' title='bbox 749 3175 825 3224; x_wconf 83' lang='lat' dir='ltr'>Caes.</span> <span class='ocrx_word' id='word_1_268' title='bbox 846 3175 871 3223; x_wconf 83' lang='grc' dir='ltr'>Β.</span> <span class='ocrx_word' id='word_1_269' title='bbox 892 3175 925 3222; x_wconf 75' lang='lat' dir='ltr'>G.</span> <span class='ocrx_word' id='word_1_270' title='bbox 947 3175 993 3236; x_wconf 89' lang='lat' dir='ltr'>Vl,</span> <span class='ocrx_word' id='word_1_271' title='bbox 1012 3176 1054 3227; x_wconf 72' lang='lat'>⁴25.</span> 
     </span>
    </p>

    <p class='ocr_par' dir='ltr' id='par_1_9' title="bbox 156 3239 1154 3363">
     <span class='ocr_line' id='line_1_36' title="bbox 225 3239 1154 3308; baseline -0.004 -18"><span class='ocrx_word' id='word_1_272' title='bbox 225 3241 251 3307; x_wconf 80' lang='lat' dir='ltr'>a)</span> <span class='ocrx_word' id='word_1_273' title='bbox 268 3243 307 3290; x_wconf 83' lang='lat' dir='ltr'>Fi.</span> <span class='ocrx_word' id='word_1_274' title='bbox 326 3241 402 3292; x_wconf 86' lang='lat' dir='ltr'>Leid.</span> <span class='ocrx_word' id='word_1_275' title='bbox 422 3239 498 3300; x_wconf 80' lang='lat' dir='ltr'>Voss.</span> <span class='ocrx_word' id='word_1_276' title='bbox 521 3253 542 3290; x_wconf 89' lang='lat'>1.</span> <span class='ocrx_word' id='word_1_277' title='bbox 562 3253 769 3308; x_wconf 80' lang='lat' dir='ltr'>percunctatus.</span> <span class='ocrx_word' id='word_1_278' title='bbox 799 3268 831 3278; x_wconf 96' lang='lat'>-</span> <span class='ocrx_word' id='word_1_279' title='bbox 858 3243 914 3291; x_wconf 87' lang='lat' dir='ltr'>Pal.</span> <span class='ocrx_word' id='word_1_280' title='bbox 943 3259 965 3296; x_wconf 85' lang='grc' dir='ltr'>ι,</span> <span class='ocrx_word' id='word_1_281' title='bbox 992 3241 1079 3290; x_wconf 88' lang='lat' dir='ltr'>omitt.</span> <span class='ocrx_word' id='word_1_282' title='bbox 1104 3256 1154 3305; x_wconf 81' lang='lat' dir='ltr'>per</span> 
     </span>
     <span class='ocr_line' id='line_1_37' title="bbox 156 3310 406 3363; baseline -0.008 -5"><span class='ocrx_word' id='word_1_283' title='bbox 156 3318 217 3358; x_wconf 80' lang='lat' dir='ltr'>ante</span> <span class='ocrx_word' id='word_1_284' title='bbox 231 3321 335 3363; x_wconf 68' lang='lat' dir='ltr'>‚arastus</span> <span class='ocrx_word' id='word_1_285' title='bbox 356 3310 406 3359; x_wconf 80' lang='lat' dir='ltr'>sol.</span> 
     </span>
    </p>

    <p class='ocr_par' dir='ltr' id='par_1_10' title="bbox 223 3374 905 3444">
     <span class='ocr_line' id='line_1_38' title="bbox 223 3374 905 3444; baseline -0.006 -16"><span class='ocrx_word' id='word_1_286' title='bbox 223 3377 249 3443; x_wconf 79' lang='lat'>3)</span> <span class='ocrx_word' id='word_1_287' title='bbox 271 3377 339 3428; x_wconf 77' lang='lat' dir='ltr'>Eud.</span> <span class='ocrx_word' id='word_1_288' title='bbox 359 3385 421 3436; x_wconf 75' lang='lat' dir='ltr'>rett.</span> <span class='ocrx_word' id='word_1_289' title='bbox 440 3374 587 3424; x_wconf 80' lang='lat' dir='ltr'>ulteriores</span> <span class='ocrx_word' id='word_1_290' title='bbox 607 3377 692 3444; x_wconf 77' lang='lat' dir='ltr'>ripas,</span> <span class='ocrx_word' id='word_1_291' title='bbox 713 3391 767 3426; x_wconf 89' lang='lat' dir='ltr'>non</span> <span class='ocrx_word' id='word_1_292' title='bbox 786 3379 865 3431; x_wconf 85' lang='lat' dir='ltr'>male.</span> <span class='ocrx_word' id='word_1_293' title='bbox 902 3419 905 3424; x_wconf 90' lang='lat'><em>.</em></span> 
     </span>
    </p>
   </div>
   <div class='ocr_carea' id='block_1_6' title="bbox 0 0 1353 3872">
    <p class='ocr_par' dir='ltr' id='par_1_11' title="bbox 0 0 1353 3872">
     <span class='ocr_line' id='line_1_39' title="bbox 0 0 1353 3872; baseline 0 0"><span class='ocrx_word' id='word_1_294' title='bbox 0 0 1353 3872; x_wconf 95' lang='lat' dir='ltr'> </span> 
     </span>
    </p>
   </div>
  </div>
 </body>
</html>
