2688 3872
432 386 476 436 DE
495 385 618 436 Gsssrts
637 384 739 434 ALEX.
758 384 806 434 lx.
826 391 868 441 20.
1098 389 1146 440 137

158 535 212 616 qni
239 524 375 614 proiimi
401 523 572 606 steterant,
600 531 817 593 incurrerunt:
865 551 883 592 e
919 531 1033 615 quibus
1068 521 1149 592 duos

155 614 260 697 gladio
281 616 324 674 ita
345 615 481 694 excepit,
503 625 538 672 ut
561 624 632 672 ante
652 612 755 692 ipsum
782 612 938 672 exanimes
957 611 1149 708 procumbe·

153 706 234 755 rent.
261 697 328 755 Nec
349 693 494 776 cuiquam
512 691 625 753 deinde
645 692 778 773 propius
799 691 975 753 incessendi
996 713 1068 754 eum
1085 693 1149 753 ani-

5 743 27 938 i!
153 795 222 834 mus
246 774 324 836 fuit:
345 773 461 854 procul
481 773 581 832 iacula
603 772 790 854 sagittasque
811 771 989 832 mittebant.
1082 811 1084 816 -

235 854 291 915 llle
314 855 353 914 ad
378 873 486 914 omnes
510 853 591 912 ictus
613 852 773 932 expositus
790 871 885 933 aegre
900 851 960 911 iam
982 855 1189 934 exceptumpp

181 933 334 1016 oplitibus
357 952 472 1013 corpus
496 933 662 1009 tuebatur3
692 931 794 992 donee
816 931 909 992 Indus
936 930 1071 992 duorum
1097 935 1169 993 cu-'

147 956 298 1077 lidorum
330 1013 474 1094 sagittam
502 1015 652 1095 (namque
680 1012 783 1092 Indis,
824 1023 860 1070 ut
888 1023 977 1072 antea
1006 1012 1151 1086 diximus,

154 1093 248 1154 buius
269 1092 489 1174 magnitudinis
513 1092 646 1173 sagittae
668 1092 772 1170 erant)
795 1091 837 1151 ita
859 1093 1015 1165 excussit,
1034 1103 1070 1152 ut
1092 1113 1152 1172 per

154 1173 320 1235 thoracem
342 1174 470 1254 paulum
493 1193 591 1252 super
610 1173 690 1232 latus
711 1171 857 1232 dextrum
883 1173 1053 1252 infigeret*
1077 1173 1188 1265 Quom

154 1255 289 1313 vulnere
309 1251 458 1327 afflictus,
479 1252 637 1335 magnati
657 1253 813 1335 sanguinis
837 1253 1007 1326 emicante,
1029 1253 1152 1312 remisit

156 1354 242 1392 arma
264 1333 464 1394 moribundo·
481 1333 600 1406 similis,
623 1333 769 1429 adeoque
790 1333 970 1404 resolutus,
996 1344 1091 1394 utne
1113 1331 1153 1391 ad

65 1443 68 1450 =
156 1413 339 1473 vellendum
373 1414 502 1496 quidem
531 1415 631 1473 telum
658 1413 822 1473 sulbceret
851 1415 992 1474 dextera.
1042 1414 1186 1495 ltaquefl

157 1493 197 1552 ad
218 1492 461 1573 exspoliandum
483 1513 612 1574 corpus,
635 1495 690 1576 qui
711 1493 935 1555 vulneraverat
951 1495 1056 1555 alacer
1077 1513 1153 1575 gau-

156 1573 210 1634 dio
242 1573 390 1636 accurrit.
433 1571 537 1712 ῼιιοηι
568 1585 604 1654 ut
630 1575 761 1634 iniicere
799 1575 929 1668 corpori
955 1595 1014 1637 suo
1043 1593 1177 1633 manus.

156 1653 264 1727 sensit,
291 1651 400 1728 credo,
421 1652 524 1712 utimi
554 1653 722 1714 dedecoris
753 1653 937 1734 indignitate
966 1666 1153 1726 commotus,

156 1734 351 1827 linquentem
376 1732 542 1793 revocavit
565 1733 717 1805 animum,
752 1745 784 1792 et
809 1734 928 1793 nudum
949 1734 1047 1795 hostis
1072 1734 1153 1793 latus

156 1815 303 1874 subrecto
324 1833 478 1874 mucrone
508 1812 622 1875 bausit.
663 1813 812 1872 Iacebant
840 1813 925 1874 circa
951 1813 1195 1896 regem‘tria12
1258 1819 1269 1839 ⁶

158 1913 308 1974 corpora,
328 1895 444 1974 procul
469 1891 668 1974 stupentibus
690 1893 823 1952 ceteris:
846 1893 900 1954 ille
921 1905 966 1964 ut,
987 1896 1154 1975 antequam

160 1973 290 2032 ultimus
305 1973 433 2053 spiritus
451 1971 615 2044 deiiceret,
636 1971 786 2032 dimicans
806 1973 866 2034 iam
889 1974 1171 2056 exstingueretur„

158 2053 267 2134 clipeo
290 2073 325 2112 se
346 2053 486 2112 allevare
508 2062 638 2113 conatus
660 2063 727 2124 est,
757 2064 789 2112 et
816 2065 982 2136 postquam
1009 2053 1049 2112 ad
1081 2071 1195 2127 eon-13

158 2133 321 2194 nitendum
346 2133 423 2192 nibil
445 2143 614 2213 supererat
634 2133 763 2203 virium,
784 2132 917 2194 dextera
937 2134 977 2192 im
1004 2133 1156 2194 endentes

160 2235 267 2274 ramos
301 2214 486 2295 complexus
514 2211 657 2272 tentabat
688 2233 866 2310 assurgere.
929 2155 1012 2288 Sed,
1044 2234 1083 2274 ne
1110 2212 1156 2274 sic

160 2294 290 2376 quidem
311 2305 426 2374 potens
449 2293 611 2374 corporis,
639 2313 750 2354 rursus
782 2319 812 2356 m
841 2315 943 2377 genua
962 2293 1156 2376 procumbit,

157 2395 250 2434 manu
274 2392 453 2455 provocans
473 2375 593 2446 hostes,
615 2375 641 2434 si
663 2373 733 2458 quis
756 2376 909 2458 congredi
931 2375 1075 2440 auderet.

237 2454 379 2514 Tandem
399 2456 574 2514 Peucestes
596 2475 657 2534 per
678 2454 768 2514 aliam
798 2457 908 2537 oppidi
935 2467 1077 2536 partem,
1099 2454 1193 2535 ‹le-91

162 2533 297 2594 turbatis
328 2533 621 2618 propugnatoribus
653 2535 751 2594 muri
777 2536 908 2620 vestigia
946 2554 1153 2616 persequens,

179 2743 351 2756 ῌ

228 2869 257 2938 9)
276 2869 364 2921 Codd.
387 2880 455 2921 no'n
472 2888 562 2939 aegre.
597 2900 631 2912 -
658 2871 736 2923 Voss.
763 2890 788 2926 a.
816 2891 897 2944 stepen
919 2873 993 2930 lotus
1011 2879 1153 2949 paululum

163 2937 261 2989 omisso
280 2938 417 2992 dextrum.
437 2965 467 2977 -
486 2941 561 2990 Frsls.
579 2947 674 2990 contra
692 2943 753 2991 Mas.
773 2942 944 3013 infigeretur.

217 3011 260 3070 to)
278 3023 329 3075 pro
348 3007 475 3073 afflictus
487 3006 544 3058 Pal.
560 3015 582 3062 1.
602 3005 747 3076 adfectum
765 3012 836 3061 idem
856 3027 906 3078 pro
927 3015 1056 3068 emicante
1076 3018 1157 3070 habet

167 3086 303 3125 marronte.
321 3104 354 3116 -
378 3078 454 3126 Voss.
474 3082 498 3131 2.
516 3079 545 3126 Ρ.
566 3077 683 3127 Theocr.
704 3079 875 3131 evellendum.

213 3145 259 3212 Ιιι)
278 3145 334 3194 Pal.
346 3164 365 3202 1.
383 3153 410 3196 et
428 3145 544 3195 Theoct.
563 3145 654 3194 αἰιιενί
669 3146 784 3212 gaudio.

209 3217 248 3276 m)
268 3213 345 3266 Voss.
368 3230 390 3265 r.
418 3215 504 3262 omitt.
523 3223 573 3273 est,
592 3224 618 3263 et
637 3223 700 3281 post
718 3227 853 3277 certatum
872 3217 897 3266 in
919 3220 1005 3270 omitt.
1028 3228 1068 3267 est
1090 3233 1155 3267 con·

122 3306 124 3310 ·
160 3289 229 3330 sent.
247 3289 315 3348 optt.
335 3281 422 3336 Codd.

92 3379 95 3386 =
213 3350 255 3414 ld)
274 3349 363 3400 Codd.
392 3348 509 3400 Theocr.
536 3347 689 3399 deturbmt's
711 3355 976 3420 propitgnotort'dus
999 3355 1155 3416 mtet't'tcgis

159 3419 276 3496 uestigio
292 3434 469 3488 persequens,
490 3417 568 3485 prob.
590 3417 735 3482 Scltmied„
759 3421 965 3492 antarijmngia
984 3425 1055 3486 coni,
1075 3423 1164 3473 Helm*

161 3503 222 3535 sitm.
