2686 3876
448 379 493 430 nr
522 371 846 444 creatarumve,
869 377 894 444 t.
1157 373 1174 436 t

172 537 315 610 accepte,
335 535 556 592 merueramus
569 524 709 590 fortibus
721 523 825 604 lactis,
841 536 877 594 ut
898 527 1008 592 mellus
1029 547 1068 592 sa
1094 539 1173 591 um-

172 608 245 693 pori
265 617 378 672 nostro
399 607 568 687 imputare,
593 627 694 688 quun
710 605 822 664 animo.
858 609 938 676 Cum
959 605 1037 690 quid
1058 605 1210 680 accidiam

173 689 315 764 tristius,
335 707 444 760 omnes
463 686 511 751 rei
532 698 618 751 sunta
652 684 842 764 corporibus
859 689 986 762 nostris,
1008 707 1090 770 (puae
1112 687 1172 751 mi-

173 791 239 864 ‘11¹⁰
264 790 328 833 non
350 767 486 838 odimus,
509 765 641 828 infestas
656 765 862 830 admovemus
877 786 1005 831 muttust
1025 779 1174 849 parantes

173 849 282 914 liberis
305 848 332 908 si
353 856 538 919 occurrant,
563 857 596 908 et
622 845 736 927 ingrati
760 855 793 906 ct
821 844 910 911 invisi
931 859 1012 913 satit.
1056 849 1175 916 Contra

173 950 247 994 cum
268 928 359 992 donis
373 927 580 993 honoramur,
597 945 669 988 cum
708 925 834 992 raemiis
850 927 954 993 onusti
969 928 1173 1001 revertimur,

173 1011 243 1094 quis
264 1009 353 1073 serre
368 1027 426 1070 nos
439 1003 567 1086 potest?
589 1005 658 1088 quis
679 947 764 1068 dlnm
785 1005 961 1068 animorum
981 1008 1175 1080 alacritatem

174 1087 362 1154 continere?
383 1085 582 1152 Militantium
603 1106 663 1152 neo
683 1085 867 1170 indignatio,
890 1107 948 1149 nec
972 1087 1090 1158 laetitia
1109 1103 1211 1150 mo-zt

174 1171 286 1234 derata
308 1181 369 1232 est.
413 1166 461 1226 Ad
483 1187 591 1232 ornnes
612 1165 748 1231 affectus
775 1167 899 1248 impetu
924 1167 1077 1248 rapimur.
1120 1167 1176 1230 vi-

174 1264 371 1331 tuperamus,
392 1247 566 1316 laudamus,
588 1248 787 1316 miseremur,
808 1247 984 1322 irascimur,
1012 1259 1176 1330 utcunque

150 1394 152 1404 ,
199 1349 327 1392 raesens
338 1329 436 1391 morit
447 1327 593 1390 aii'ectioz
609 1328 706 1393 modo
723 1321 841 1391 ludium
854 1327 942 1392 adire
959 1340 992 1390 et
1010 1326 1176 1397 Oceanum

173 1353 265 1478 libet,
276 1408 372 1476 modo
385 1407 556 1490 coniugum
577 1420 610 1472 et
622 1408 800 1474 liberorum
815 1409 1005 1492 patriaeque
1023 1407 1177 1482 memoria

176 1489 329 1558 occurrit.
356 1489 421 1550 Sed
439 1489 494 1548 has
511 1489 733 1570 cogitationes,
750 1487 806 1554 has
827 1490 912 1555 inter
933 1511 967 1558 se
989 1489 1214 1582 colloquuta-²5

174 1571 253 1632 tium
274 1591 382 1638 voces,
406 1569 530 1650 signum
552 1569 635 1634 tuba‘
651 1566 759 1634 datum
783 1567 869 1632 linit:
890 1569 922 1630 in
945 1591 1019 1638 siros
1041 1589 1177 1657 qumque

177 1652 306 1713 ordines
328 1649 503 1718 currimus,
531 1659 564 1708 ct
585 1649 739 1744 quicquid
761 1649 879 1711 irarum
909 1649 940 1708 iu
970 1649 1176 1722 tabernaculo

175 1741 367 1812 conceptum
389 1741 449 1797 est,
470 1729 501 1792 iu
522 1727 661 1794 hostium
689 1729 866 1792 ellitnditur
896 1731 1008 1810 capita.
1051 1729 1176 1790 Utinam

128 1839 133 1853 ¹
174 1811 318 1872 Philotas
339 1829 471 1894 queque
492 1809 575 1870 intra
595 1809 696 1872 rerba
717 1809 896 1888 peccasset!
919 1811 1061 1874 Proinde
1083 1807 1123 1875 ad
1143 1807 1216 1873 itu

175 1902 332 1958 revortar,
352 1900 490 1980 propter
511 1888 598 1970 quod
619 1888 668 1949 rei
692 1907 810 1950 sumus.

177 2010 180 2014 -
256 1967 448 2036 Amicitiam,
473 1987 553 2051 quae
578 1966 668 2029 nobis
691 1986 763 2032 cum
776 1965 905 2032 Philota
925 1965 997 2036 suit,
1018 1967 1099 2035 adeo
1113 1976 1218 2040 nont
1269 1998 1273 2007 ¹

124 2086 127 2089 ·
176 2073 218 2114 eo
237 2049 361 2116 intitias,
388 2057 422 2110 ut
444 2047 603 2129 expetisse
625 2066 753 2131 quoque
780 2069 838 2110 nos
858 2066 1052 2129 magnosque
1077 2068 1115 2116 ex
1137 2069 1177 2114 en

175 2133 304 2194 fructus
339 2129 523 2210 percepisse
552 2127 716 2194 confitear.
762 2130 813 2193 An
840 2148 920 2192 vero
950 2129 1215 2200 Pa1·menionis.27

176 2233 274 2297 quem
288 2211 347 2272 tibi
368 2211 548 2289 proximum
565 2227 635 2271 esso
654 2209 793 2278 voluisti,
814 2208 924 2280 titium,
942 2229 1052 2272 omnes
1073 2230 1177 2304 paene

174 2293 292 2355 amicos
315 2304 390 2353 tuos
412 2291 593 2371 dignatione
615 2291 805 2359 vincentem,
829 2291 950 2353 cultum
975 2312 991 2350 a
1012 2288 1103 2358 nobis
1129 2290 1200 2360 ess

115 2403 138 2434 ,·
175 2395 212 2435 se
225 2369 371 2433 miraris?
395 2371 600 2448 Tubercula,
613 2371 639 2432 si
657 2392 767 2436 rorum
781 2369 893 2433 audire
915 2372 972 2442 ris,
993 2391 1061 2440 rex,
1081 2371 1213 2443 huiusaa

175 2453 267 2514 nolris
288 2451 425 2532 periculi
437 2470 480 2513 'cs
502 2471 606 2518 causa.
628 2451 709 2537 Quis
732 2452 815 2516 enim
837 2451 915 2514 alius
939 2449 1058 2520 ell'ocit,
1080 2464 1117 2512 ut
1138 2451 1178 2515 ad

175 2533 334 2594 Philotam
368 2531 580 2594 decurrerent
609 2535 663 2614 qui
696 2533 827 2613 placere
855 2531 976 2598 vellent
1009 2531 1088 2592 ribi?
1127 2532 1177 2592 Ab

175 2613 232 2672 illo
257 2611 367 2672 traditi
385 2611 423 2672 ad
439 2611 523 2676 harre
543 2615 676 2694 gradum
699 2611 853 2676 amicitiae
873 2624 947 2680 tuae
970 2611 1177 2682 ascendimus.

178 2691 207 2748 Is
229 2691 313 2769 apud
327 2703 360 2754 te
373 2690 445 2760 l'uin
469 2692 560 2756 cuius
577 2695 711 2774 gratiam
733 2705 886 2772 expetere
909 2702 941 2750 et
961 2689 1040 2750 iram
1063 2689 1177 2754 timere

178 2788 355 2848 possemus·
375 2774 501 2838 Annon
513 2775 749 2858 propemodum
769 2773 801 2834 in
817 2782 870 2836 tua
885 2767 985 2832 verba
1000 2767 1047 2832 tui
1068 2787 1218 2852 autumi>

177 2930 381 2945 ..n-—

234 3063 279 3132 25)
294 3057 373 3116 Freh.
394 3075 451 3116 mut
472 3066 530 3116 ord.
544 3067 656 3122 'sociatus
674 3075 776 3124 auctor.
802 3065 889 3116 Codd.
910 3065 1024 3118 ordines
1048 3070 1180 3138 qut'squej·

181 3135 217 3186 cs.
236 3131 307 3200 Seps.
327 3132 522 3196 Grammlmt.
542 3133 566 3204 §-
587 3143 663 3200 1750.

232 3206 278 3264 26)
297 3201 376 3267 vulgo
395 3201 462 3252 adeo
480 3220 537 3251 iton
556 3202 726 3270 inficior.
737 3232 769 3242 -
790 3217 825 3250 rr.
846 3221 955 3274 petoque
973 3223 1024 3252 rans
1043 3222 1174 3270 satagens-

181 3288 232 3338 quc
250 3289 283 3319 cx
301 3284 332 3318 co
341 3269 458 3338 fructus
475 3274 627 3340 percepisse
645 3273 672 3322 iu
690 3270 760 3326 Edit.
779 3272 907 3331 Freinsln.·
931 3284 967 3325 ct·
983 3275 1054 3334 illius
1073 3275 1174 3340 repeti-

180 3337 298 3390 tionibus
315 3340 481 3403 excideruttt.
499 3366 533 3392 r-
549 3341 594 3400 alli
612 3352 785 3407 pt'rtcnerlrtr.

231 3402 275 3470 28)
293 3405 369 3456 Frsh.
388 3417 453 3458 mut.
474 3407 534 3458 ord.
552 3425 649 3458 crtus-sn
669 3427 705 3460 es.
1099 3447 1101 3452 .

231 3475 277 3538 29)
297 3471 384 3524 ursan
397 3493 453 3526 rann
462 3493 584 3546 propero,
599 3489 650 3528 etc.
670 3488 728 3530 sum
747 3479 782 3538 [dc
802 3481 884 3546 cotti.;
898 3477 972 3531 'Cod
993 3476 1018 3526 st'
1037 3494 1093 3526 uon
1109 3495 1176 3546 pro·
