2686 3876
184 329 218 384 ,ο
540 317 578 384 o.
591 307 715 371 x'crsnrn
733 315 813 374 sorr

183 485 236 535 tus
255 453 394 551 superbe
415 467 511 528 multa
532 465 715 548 respondit,
735 465 774 528 ad
794 464 960 542 *ultimumt
981 455 1019 528 an
1039 467 1173 530 Alexan·

56 611 63 616 ,
145 572 160 618 e
185 553 244 614 der
270 551 377 613 volare
393 547 529 630 posset?
548 549 733 627 interrogat.
765 547 856 637 Quae
878 546 1016 607 nuntiata
1037 549 1107 631 regi
1127 550 1175 608 sie

53 645 59 662 ·
110 675 112 678 v
185 631 360 694 accendere
382 629 527 706 animum,
547 641 582 688 ut
604 627 759 699 adhibitis,
780 644 850 688 cum
866 627 980 710 quibus
995 631 1175 690 consultare

95 782 97 789 s
184 715 253 774 crat
273 711 400 786 solitus,
435 709 589 770 indicaret
621 709 818 773 insolentiam
845 703 986 784 barbari,
1017 709 1173 774 eludentis

183 793 280 874 ipsos,
304 789 376 872 quia
397 785 507 869 pinnas
528 811 591 849 non
617 783 772 848 baberent
827 787 870 848 Se
896 799 1000 848 autem
1029 791 1175 870 proxima
1214 811 1216 814 ·

125 889 146 932 A
184 880 278 933 nocte
294 869 496 943 effecturum,
511 879 547 930 ut
562 869 711 929 crederet
730 865 918 931 Macedones
939 869 1034 929 etiam
1054 871 1175 932 volare.

148 973 162 1017 7
185 957 370 1028 Trecentos,
393 949 504 1034 iuquit,
526 945 760 1030 pernicissimos
787 946 917 1009 iuvenes
945 967 985 1009 ex
1005 951 1067 1010 suis
1091 953 1181 1034 quis·¹

173 1041 245 1116 'que
267 1032 366 1113 copiis
392 1029 559 1112 perducite
580 1025 619 1088 ad
639 1049 706 1106 me,
734 1027 789 1112 qui
814 1046 874 1112 per
900 1030 995 1090 calles
1019 1039 1051 1092 et
1071 1051 1175 1112 paene

147 1113 280 1179 ainvias
309 1129 407 1191 rupes
440 1109 528 1170 domi
555 1129 674 1189 pecora
712 1129 807 1192 agere
840 1121 1078 1172 consueverant.
1125 1111 1176 1171 llli

182 1204 377 1276 praestantes
399 1201 432 1250 et
458 1183 587 1250 levitate
612 1196 784 1269 corporum
807 1201 840 1251 et
861 1188 977 1262 ardore
998 1188 1174 1252 animorum

182 1283 311 1335 strenue
333 1269 501 1338 adducunt,
526 1274 614 1350 quos}
627 1263 749 1328 intuens
771 1278 841 1345 rex,
858 1264 1041 1341 Vobiscum,
1062 1271 1178 1354 inquit,

185 1375 204 1414 ο
226 1355 377 1424 iuvenes,
406 1361 439 1412 et
458 1349 521 1409 mei
543 1349 705 1432 aequales,
733 1347 860 1409 urbium
887 1349 1074 1411 invictarum
1102 1363 1174 1412 ante

184 1433 374 1493 munimenta
401 1429 566 1510 superavi,
594 1428 746 1492 montium
766 1429 840 1510 iuga
864 1433 998 1510 perenni
1024 1431 1096 1492 nive
1118 1431 1175 1496 obss,
1247 1427 1249 1434 ’

184 1521 258 1574 ruta
280 1531 424 1572 emensus
452 1526 538 1605 sum,
567 1510 722 1591 angustias
751 1509 878 1570 Ciliciae
893 1509 1039 1589 ,intravi,
1067 1512 1174 1572 Indiae

185 1594 254 1654 sine
274 1590 467 1668 lassitudine
481 1591 545 1649 vim
566 1589 695 1673 frigoris
723 1611 791 1650 sum
819 1607 1014 1673 perpessus*
1045 1594 1088 1652 Et
1111 1591 1174 1652 mei

145 1685 161 1732 a
184 1667 485 1736 documenta'vobis
506 1670 589 1748 dedi,
611 1681 644 1730 et
667 1683 776 1732 vestra·
793 1666 910 1735 babeo.
944 1673 1056 1748 Petra,
1103 1694 1174 1733 uam

124 1773 127 1776 ·
187 1754 309 1823 videtis,
334 1773 430 1812 unum
452 1752 569 1812 aditum
597 1750 709 1826 habet,
743 1771 837 1836 quem
867 1751 991 1832 barbari
1018 1695 1176 1825 obsident,
1260 1753 1263 1757 ’

185 1847 294 1896 cetera
314 1833 492 1916 negligunt:
514 1829 619 1892 nullae
639 1831 764 1916 vigiliae
786 1843 868 1906 sunt,
889 1832 948 1892 nisi
968 1850 1049 1915 quac
1072 1842 1175 1893 castrat

154 1927 291 1978 innostra
312 1919 465 1996 spectant.
509 1911 677 1973 Invenietis
705 1913 806 1989 riam,
836 1912 862 1971 si
892 1913 1041 1973 sollerter
1069 1911 1174 1972 rimati

184 1994 310 2056 fueritis
332 1994 435 2054 aditus
457 1991 596 2052 ferentes
609 1993 649 2052 ad
666 2011 824 2056 cacumen.
851 1992 935 2051 Nihil
955 2004 1017 2052 tam
1039 1993 1100 2054 alte
1120 2015 1173 2053 na·

183 2074 449 2148 turncoustituit,
492 2093 533 2132 uo
552 2072 650 2130 virtus
670 2093 733 2132 non
753 2071 853 2152 possit
875 2071 959 2134 eniti.
1000 2074 1175 2154 Experien-

184 2155 226 2219 do
250 2161 332 2237 quae
356 2091 741 2244 ceteridesperavemnt,
770 2147 874 2210 Asiam
896 2149 1048 2212 habemus
1069 2153 1098 2212 in
1116 2173 1175 2234 po·

151 2239 309 2296 ntentate.
334 2251 335 2256 ¹
365 2230 499 2293 Evadite
530 2245 755 2306 meacumen,
781 2231 883 2314 squod
911 2233 982 2292 crim
1012 2235 1172 2315 ceperitis,

185 2311 323 2374 candidis
344 2311 424 2374 velis
449 2311 570 2391 signum
591 2310 667 2370 mihi
689 2310 818 2375 dabitis:
853 2327 914 2394 ego
944 2312 1041 2394 copiis
1065 2314 1174 2374 admo-¹

152 2392 222 2452 osis
243 2391 366 2454 hostem
387 2390 418 2449 in
442 2410 499 2450 nos
529 2387 656 2452 avobis
678 2398 870 2458 convertam.
912 2388 1091 2454 Praemium
1113 2395 1174 2455 erit
1226 2429 1230 2436 -

107 2479 114 2488 ‘
186 2473 313 2556 ei,3qui
339 2470 460 2555 primus
489 2471 697 2552 occupaverit
721 2472 892 2545 verticem,
913 2473 1028 2532 talenta
1048 2473 1089 2550 X,
1107 2493 1174 2538 uno

131 2613 134 2624 ,
184 2553 286 2615 minus
307 2550 451 2634 accipiet,
474 2549 530 2634 qui
549 2551 713 2636 proximus
739 2551 919 2631 ci'tenerit,
940 2551 1114 2641 eademque
1134 2555 1174 2616 ad

192 2739 367 2758 ο-ύ--ι--σ-
407 2752 411 2758 .

254 2890 282 2946 5]
302 2891 379 2942 Voss.
397 2881 583 2956 2.snp'erd1⁴a,
608 2900 662 2956 quo
684 2885 797 2941 alienum
820 2879 900 2941 etiam·
923 2886 1022 2955 Codd.,
1037 2887 1180 2960 anper-bio.

188 2965 214 3011 rt
237 2959 379 3026 superbiae
404 2955 593 3009 exhibentium.
615 2959 722 3028 vestigia
743 2959 843 3010 ducere
862 2959 993 3011 videntur.
1029 2987 1061 2998 —-
1098 2958 1174 3011 rnen.
1217 3012 1221 3022 ,

185 3025 290 3097 poesit;
307 3025 341 3077 al.
359 3027 478 3076 inserunt
501 3027 590 3081 etiam.

253 3096 281 3165 6)
299 3097 376 3160 vulgo
394 3092 531 3144 alludentes
540 3111 551 3157 ,·
570 3091 606 3146 cl.
624 3086 759 3146 Drakenb
777 3091 811 3143 ad
829 3093 884 3143 Liv³
901 3093 957 3156 XL,
971 3091 996 3158 5,
1008 3097 1032 3150 7.
1047 3119 1081 3134 -
1098 3094 1175 3152 Frsh.

184 3181 308 3236 pennos,
325 3162 359 3215 cl.
377 3178 458 3229 supra
474 3179 533 3230 cap.
551 3163 576 3214 8.
597 3161 619 3234 ς.
637 3167 677 3215 25.
697 3193 728 3204 -
749 3162 783 3214 al.
802 3159 954 3216 crederent.
1006 3172 1007 3186 ¹

256 3249 269 3299 7
300 3229 376 3284 Frab.
393 3233 598 3295 consensurum
618 3233 685 3284 Mer,
703 3237 923 3299 consueverunt„

160 3337 162 3341 ·
187 3310 194 3316 '
254 3302 270 3353 8
301 3297 375 3352 Frsh.
392 3302 486 3350 vestri.
903 3297 906 3302 '

242 3382 274 3422 10
303 3369 345 3422 Fl.
362 3364 436 3432 Leid.
455 3367 533 3424 Voss.¹
550 3381 573 3424 ι.
592 3367 624 3419 D.
642 3363 853 3436 desperaverint.

144 3438 146 3442 '
241 3452 267 3489 aa
302 3437 378 3490 von
397 3451 421 3492 a.
440 3443 539 3508 emp.
556 3433 677 3487 admotis
690 3435 786 3502 copiis.
