2686 3876
369 327 557 424 occasus
576 368 677 420 anax.
696 365 769 435 vsu,
788 383 829 418 aa.
1078 373 1111 426 co

91 551 93 556 .
130 517 251 593 roeliis,
272 516 418 580 omnibus
442 517 563 576 artibus
580 514 760 594 studiorum
777 512 958 584 liberalium
979 513 1108 588 exculti.
1211 503 1215 513 ⁸

108 541 305 680 hraeoipuus
325 597 429 659 honor
448 595 644 670 habebatur,
663 595 761 678 quod
786 593 903 656 licebat
925 593 1108 656 sedentibus
1134 615 1147 664 ς

44 719 46 726 ›
109 680 197 742 vesci
229 698 301 739 cum
329 695 419 758 rege.
469 675 651 760 Castigandi
685 693 741 736 eos
770 673 965 736 verberibus
992 675 1109 736 nullius

108 771 251 844 potestas
272 768 403 839 praeter
421 757 630 838 ipsum.erat.
674 758 764 816 Haec
794 751 912 818 cohors
942 756 1031 816 velut
1061 774 1150 824 see

109 839 277 902 minarium
305 838 423 898 ducum
458 837 764 918 praefectorumque
801 834 885 916 apud
918 836 1110 897 Macedonas

109 921 190 982 l'uit:
224 917 303 994 hinc,
318 917 462 978 habuere
490 917 614 998 posteri
647 935 760 998 reges,
795 935 933 998 quorum
956 916 1110 999 stirpibus

108 1011 186 1085 post
207 999 320 1058 multas
342 1007 462 1058 aetates
482 995 625 1058 Romani
640 1016 719 1077 opes
744 995 941 1056 ademerunt

191 1079 293 1160 Igitur
314 1077 517 1146 Hermolaus,
545 1095 629 1158 puer
657 1076 772 1136 nobilis
794 1097 833 1137 ex
854 1075 943 1156 regia
964 1075 1109 1152 cohorte,
1135 1101 1152 1148 ⁷

111 1161 185 1223 cum
207 1179 319 1240 aprum
342 1157 410 1218 telo
432 1168 630 1238 occupasset,
652 1177 747 1240 quem
770 1176 828 1218 rex
855 1153 954 1217 ferire
976 1155 1112 1218 destina·
1144 1197 1148 1204 ·

95 1251 214 1316 ·verat,
235 1238 322 1298 iussu
345 1238 415 1310 cius
436 1237 625 1299 verberibus
650 1236 784 1298 affectus
807 1249 864 1298 est.
898 1235 1002 1322 Quam
1023 1237 1113 1319 igno·

113 1320 240 1382 miniam
269 1338 367 1400 aegre
395 1317 502 1380 ferens
536 1316 659 1379 dellerc
688 1317 772 1398 apud
793 1315 971 1378 Sostratum
993 1317 1118 1398 coepit.-

113 1402 161 1461 Ex
182 1399 295 1460 eadem
318 1397 452 1460 cohorte
477 1410 547 1460 erat
573 1397 746 1474 Sostratus,
767 1417 875 1460 amore
896 1399 964 1458 eius
987 1397 1152 1463 undenso

116 1479 274 1572 Quicum
294 1479 468 1540 laceratum
487 1499 615 1560 corpus,
635 1479 667 1538 in
687 1497 751 1560 quo
772 1477 950 1559 deperibat,
972 1478 1112 1540 intuere·

113 1574 186 1628 tur,
214 1558 444 1620 forsitan‘olim
467 1559 508 1624 ob
530 1559 621 1619 aliam
643 1577 774 1642 quoque
789 1577 922 1638 ,causam
942 1580 978 1620 re
1004 1558 1120 1620 'infe--

115 1654 197 1714 stus,
218 1639 382 1714 iuvenem,
406 1660 462 1700 sua
482 1651 594 1720 sponte
615 1639 678 1698 iam
703 1650 842 1716 motum,
880 1639 951 1700 data
1000 1639 1040 1700 de
1061 1659 1120 1701 ac·-

116 1732 275 1802 ccptaque
297 1719 455 1799 perpulit,
483 1731 519 1778 ut
547 1713 716 1780 occidendi
742 1739 854 1800 regem
878 1720 1042 1780 consilium
1064 1740 1121 1781 se·-

116 1821 188 1862 cum
208 1799 312 1859 iniret.
352 1801 420 1859 Nec
447 1798 565 1880 puerili
596 1799 719 1878 impetu
746 1818 816 1858 rem
852 1800 994 1858 exsecuti
1022 1812 1151 1874 sumt-9

116 1881 236 1974 quippe
258 1879 409 1938 sollerter
429 1878 594 1960 legerunt,
618 1899 702 1961 ¹quos
724 1877 756 1936 in
777 1879 962 1940 societatem
983 1880 1113 1942 sceleris

117 1969 322 2039 asciscerent.
357 1958 588 2034 Nicostratum,
609 1958 810 2052 Antipatrum
833 1959 928 2020 Ascle
953 1957 1114 2021 iodorum-
1150 1987 1152 1992 ·

140 2061 182 2102 ue
204 2051 236 2101 et
255 2038 414 2098 Philotam
436 2039 557 2120 placuit
577 2059 713 2100 assumi:
735 2057 796 2119 per
823 2037 882 2100 hos
907 1979 1021 2100 adiecti
1042 2049 1115 2100 sunt

117 2063 277 2194 bnticles,
308 2119 497 2200 Elaptonius
522 2130 555 2180 et
574 2121 602 2179 E
627 2119 756 2180 imanes.
800 2119 952 2180 Ceterum
974 2115 1152 2204 agendaeaa'

76 2228 88 2242 ν
119 2199 272 2262 reihand
300 2219 374 2260 sane
402 2199 505 2261 facilis
533 2141 663 2282 patebat
689 2199 751 2264 via.
797 2199 888 2282 Opus
914 2212 982 2262 erat
1003 2200 1114 2262 esdem

119 2301 228 2343 omnes
254 2280 434 2350 coniuratos
462 2293 556 2342 nocte
587 2279 763 2355 excubare,
794 2301 836 2342 ne
863 2280 902 2342 ab
931 2280 1114 2362 expertibus

119 2361 241 2422 consilii
268 2359 515 2442 impedirentur3
559 2360 647 2422 lor-tc
683 2371 788 2420 sutem
816 2361 895 2422 alius
926 2361 986 2423 alia
1018 2373 1115 2420 nocte

119 2439 305 2503 excubabat.
344 2441 453 2524 ltaque
488 2441 520 2501 in
547 2439 763 2524 permutandis
792 2443 961 2502 stationum
990 2440 1114 2504 vicibus
1124 2469 1161 2510 η

120 2532 297 2603 ceteroque
324 2533 479 2602 apparatu
507 2521 729 2605 exsequendae
757 2521 807 2582 rei
833 2522 962 2604 triginta
990 2532 1023 2580 et
1050 2520 1115 2580 duo

120 2599 188 2660 dies
209 2599 374 2681 absumpti
388 2613 470 2666 sunt.
575 2645 577 2652 ,
899 2661 902 2668 n

56 2699 58 2704 ’
201 2678 322 2738 Aderat
348 2702 429 2758 nox,
468 2704 530 2766 qua
563 2680 719 2744 coniurati
755 2678 915 2739 excubare
944 2675 1154 2753 debebant&
1213 2687 1216 2697 “

121 2767 232 2833 mutua
250 2754 313 2817 lide
334 2759 427 2838 laeti,
454 2762 543 2822 cuius
569 2761 795 2822 documentum
815 2769 865 2820 tot
888 2755 956 2816 dies
980 2756 1116 2819 fu'erant.

120 2903 324 2924 ἡ.

188 3010 205 3062 5
234 3004 311 3057 Frsh.
328 3014 430 3074 trausp.
448 3008 609 3060 verberibus
626 3025 680 3059 eos.

189 3073 208 3125 6
236 3073 311 3126 Frsh.
333 3075 416 3143 stirpi
420 3092 431 3136 ;
448 3085 516 3145 optt.
535 3077 623 3130 codd.
644 3078 729 3128 omitt.
743 3085 820 3146 posta

190 3143 206 3193 8
236 3144 266 3192 in
280 3141 449 3213 quodFrob.
881 3143 884 3158 ⁸

189 3217 206 3267 9
235 3212 311 3262 Leid.
332 3212 481 3278 elegerunt.

131 3347 137 3358 .
176 3286 223 3360 ιο]Ι
237 3281 316 3337 Voss.
336 3297 361 3330 a.
380 3290 479 3351 transp.
498 3281 661 3331 coniuratos
683 3297 784 3338 omrzes,
808 3307 840 3316 -
871 3281 947 3334 Leid.
972 3279 1115 3334 covasilium

124 3347 497 3484 ⁸mpdhh)ribmristarmutondis
515 3417 555 3470 ΡΙ.
573 3417 648 3469 Laid.
667 3417 744 3472 Voss.
764 3423 788 3474 2.
805 3419 837 3470 D.
856 3416 943 3538 Βοῗῗ.
959 3427 979 3440 ⁴·
1105 3441 1107 3450 ¹

142 3516 146 3524 ·
180 3485 224 3554 12)
242 3495 310 3556 optt.
332 3485 419 3544 Codd.
436 3484 626 3556 multostdc
654 3515 685 3529 -·
712 3487 769 3545 Pal.
798 3501 821 3542 ι.
841 3498 883 3539 tot
925 3482 1115 3555 e'csficerant5
