<?xml version="1.0" encoding="UTF-8"?>
<!DOCTYPE html PUBLIC "-//W3C//DTD XHTML 1.0 Transitional//EN"
    "http://www.w3.org/TR/xhtml1/DTD/xhtml1-transitional.dtd">
<html xmlns="http://www.w3.org/1999/xhtml" xml:lang="en" lang="en">
 <head>
  <title>
</title>
<meta http-equiv="Content-Type" content="text/html;charset=utf-8" />
  <meta name='ocr-system' content='tesseract 3.04.00' />
  <meta name='ocr-capabilities' content='ocr_page ocr_carea ocr_par ocr_line ocrx_word'/>
</head>
<body>
  <div class='ocr_page' id='page_1' title='image "./degestisalexand00baumgoog_0114.png"; bbox 0 0 2688 3872; ppageno 0'>
   <div class='ocr_carea' id='block_1_1' title="bbox 173 393 808 474">
    <p class='ocr_par' dir='ltr' id='par_1_1' title="bbox 173 393 808 474">
     <span class='ocr_line' id='line_1_1' title="bbox 173 393 808 474; baseline 0.002 -33"><span class='ocrx_word' id='word_1_1' title='bbox 173 399 222 454; x_wconf 70' lang='lat'><strong>104</strong></span> <span class='ocrx_word' id='word_1_2' title='bbox 521 394 564 459; x_wconf 78' lang='lat' dir='ltr'><strong>Q.</strong></span> <span class='ocrx_word' id='word_1_3' title='bbox 590 393 708 444; x_wconf 77' lang='lat' dir='ltr'><strong>CUATH</strong></span> <span class='ocrx_word' id='word_1_4' title='bbox 730 393 808 474; x_wconf 60' lang='lat' dir='ltr'>RUFI</span> 
     </span>
    </p>
   </div>
   <div class='ocr_carea' id='block_1_2' title="bbox 82 538 1176 1974">
    <p class='ocr_par' dir='ltr' id='par_1_2' title="bbox 82 538 1176 1974">
     <span class='ocr_line' id='line_1_2' title="bbox 136 538 1173 635; baseline -0.001 -32"><span class='ocrx_word' id='word_1_5' title='bbox 136 544 196 614; x_wconf 60' lang='lat' dir='ltr'><strong>,nri</strong></span> <span class='ocrx_word' id='word_1_6' title='bbox 235 541 434 604; x_wconf 79' lang='lat' dir='ltr'><strong>decreverat.</strong></span> <span class='ocrx_word' id='word_1_7' title='bbox 481 538 633 635; x_wconf 87' lang='lat' dir='ltr'><strong>Omphis,</strong></span> <span class='ocrx_word' id='word_1_8' title='bbox 662 539 868 620; x_wconf 82' lang='lat' dir='ltr'><strong>permittente</strong></span> <span class='ocrx_word' id='word_1_9' title='bbox 902 539 1100 618; x_wconf 83' lang='lat' dir='ltr'><strong>Alexandro,</strong></span> <span class='ocrx_word' id='word_1_10' title='bbox 1138 553 1173 613; x_wconf 71' lang='lat' dir='ltr'><strong>et</strong></span> 
     </span>
     <span class='ocr_line' id='line_1_3' title="bbox 148 620 1171 704; baseline -0.001 -23"><span class='ocrx_word' id='word_1_11' title='bbox 148 623 296 704; x_wconf 69' lang='lat' dir='ltr'><strong>‘regium</strong></span> <span class='ocrx_word' id='word_1_12' title='bbox 315 622 439 702; x_wconf 81' lang='lat' dir='ltr'><strong>insigne</strong></span> <span class='ocrx_word' id='word_1_13' title='bbox 458 633 585 697; x_wconf 74' lang='lat' dir='ltr'><strong>sumsit,</strong></span> <span class='ocrx_word' id='word_1_14' title='bbox 625 631 658 681; x_wconf 88' lang='lat' dir='ltr'><strong>et</strong></span> <span class='ocrx_word' id='word_1_15' title='bbox 682 639 773 680; x_wconf 89' lang='lat' dir='ltr'><strong>more</strong></span> <span class='ocrx_word' id='word_1_16' title='bbox 802 620 904 700; x_wconf 80' lang='lat' dir='ltr'><strong>gentis</strong></span> <span class='ocrx_word' id='word_1_17' title='bbox 938 641 1027 680; x_wconf 85' lang='lat' dir='ltr'><strong>suae</strong></span> <span class='ocrx_word' id='word_1_18' title='bbox 1044 639 1171 698; x_wconf 86' lang='lat' dir='ltr'><strong>nomen,</strong></span> 
     </span>
     <span class='ocr_line' id='line_1_4' title="bbox 172 697 1172 788; baseline -0.001 -26"><span class='ocrx_word' id='word_1_19' title='bbox 172 701 259 788; x_wconf 87' lang='lat' dir='ltr'><strong>quod</strong></span> <span class='ocrx_word' id='word_1_20' title='bbox 287 697 385 781; x_wconf 87' lang='lat' dir='ltr'><strong>patris</strong></span> <span class='ocrx_word' id='word_1_21' title='bbox 419 699 536 762; x_wconf 84' lang='lat' dir='ltr'><strong>fuerat.</strong></span> <span class='ocrx_word' id='word_1_22' title='bbox 585 699 716 759; x_wconf 81' lang='lat' dir='ltr'><strong>Taxilen</strong></span> <span class='ocrx_word' id='word_1_23' title='bbox 752 699 956 779; x_wconf 79' lang='lat' dir='ltr'>appellavere</span> <span class='ocrx_word' id='word_1_24' title='bbox 989 702 1172 780; x_wconf 76' lang='lat' dir='ltr'><strong>populares,</strong></span> 
     </span>
     <span class='ocr_line' id='line_1_5' title="bbox 171 778 1172 864; baseline -0.004 -20"><span class='ocrx_word' id='word_1_25' title='bbox 171 791 327 864; x_wconf 85' lang='lat' dir='ltr'><strong>sequente</strong></span> <span class='ocrx_word' id='word_1_26' title='bbox 351 779 478 842; x_wconf 87' lang='lat' dir='ltr'><strong>nomine</strong></span> <span class='ocrx_word' id='word_1_27' title='bbox 500 779 686 859; x_wconf 85' lang='lat' dir='ltr'><strong>imperium,</strong></span> <span class='ocrx_word' id='word_1_28' title='bbox 714 778 746 836; x_wconf 93' lang='lat' dir='ltr'><strong>in</strong></span> <span class='ocrx_word' id='word_1_29' title='bbox 768 798 990 860; x_wconf 79' lang='lat' dir='ltr'><strong>quemcunque</strong></span> <span class='ocrx_word' id='word_1_30' title='bbox 1013 781 1172 840; x_wconf 75' lang='lat' dir='ltr'><strong>transiret.</strong></span> 
     </span>
     <span class='ocr_line' id='line_1_6' title="bbox 136 857 1173 944; baseline 0 -24"><span class='ocrx_word' id='word_1_31' title='bbox 136 861 273 944; x_wconf 73' lang='lat' dir='ltr'><strong>rslgitur</strong></span> <span class='ocrx_word' id='word_1_32' title='bbox 299 880 371 919; x_wconf 91' lang='lat' dir='ltr'><strong>cum</strong></span> <span class='ocrx_word' id='word_1_33' title='bbox 400 859 623 939; x_wconf 85' lang='lat' dir='ltr'><strong>pertriduum</strong></span> <span class='ocrx_word' id='word_1_34' title='bbox 650 857 851 937; x_wconf 85' lang='lat' dir='ltr'><strong>hospitaliter</strong></span> <span class='ocrx_word' id='word_1_35' title='bbox 877 859 1093 918; x_wconf 82' lang='lat' dir='ltr'><strong>Alexandrum</strong></span> <span class='ocrx_word' id='word_1_36' title='bbox 1122 879 1173 920; x_wconf 88' lang='lat' dir='ltr'><strong>ae·</strong></span> 
     </span>
     <span class='ocr_line' id='line_1_7' title="bbox 175 937 1172 1023; baseline -0.002 -21"><span class='ocrx_word' id='word_1_37' title='bbox 175 940 324 1023; x_wconf 74' lang='lat' dir='ltr'><strong>cepisset,</strong></span> <span class='ocrx_word' id='word_1_38' title='bbox 345 951 458 1021; x_wconf 87' lang='lat' dir='ltr'><strong>quarto</strong></span> <span class='ocrx_word' id='word_1_39' title='bbox 481 937 532 998; x_wconf 88' lang='lat' dir='ltr'><strong>die</strong></span> <span class='ocrx_word' id='word_1_40' title='bbox 556 949 589 996; x_wconf 89' lang='lat' dir='ltr'><strong>et</strong></span> <span class='ocrx_word' id='word_1_41' title='bbox 615 949 765 1020; x_wconf 88' lang='lat' dir='ltr'><strong>quantum</strong></span> <span class='ocrx_word' id='word_1_42' title='bbox 786 938 941 998; x_wconf 84' lang='lat' dir='ltr'><strong>l&#39;rumenti</strong></span> <span class='ocrx_word' id='word_1_43' title='bbox 960 939 1072 1018; x_wconf 89' lang='lat' dir='ltr'><strong>copiis,</strong></span> <span class='ocrx_word' id='word_1_44' title='bbox 1094 951 1172 1022; x_wconf 79' lang='lat' dir='ltr'><strong>quae</strong></span> 
     </span>
     <span class='ocr_line' id='line_1_8' title="bbox 175 1013 1173 1109; baseline -0.003 -28"><span class='ocrx_word' id='word_1_45' title='bbox 175 1013 570 1100; x_wconf 72' lang='lat' dir='ltr'><strong>Hephaestion‘duxcra&#39;t,</strong></span> <span class='ocrx_word' id='word_1_46' title='bbox 593 1017 773 1109; x_wconf 87' lang='lat' dir='ltr'><strong>praebitum</strong></span> <span class='ocrx_word' id='word_1_47' title='bbox 795 1039 812 1076; x_wconf 92' lang='lat' dir='ltr'><strong>a</strong></span> <span class='ocrx_word' id='word_1_48' title='bbox 835 1037 870 1076; x_wconf 87' lang='lat' dir='ltr'><strong>se</strong></span> <span class='ocrx_word' id='word_1_49' title='bbox 893 1028 992 1091; x_wconf 89' lang='lat' dir='ltr'><strong>esset,</strong></span> <span class='ocrx_word' id='word_1_50' title='bbox 1017 1019 1173 1093; x_wconf 78' lang='lat' dir='ltr'><strong>ostendit,</strong></span> 
     </span>
     <span class='ocr_line' id='line_1_9' title="bbox 175 1097 1173 1181; baseline -0.001 -21"><span class='ocrx_word' id='word_1_51' title='bbox 175 1113 208 1160; x_wconf 86' lang='lat' dir='ltr'><strong>et</strong></span> <span class='ocrx_word' id='word_1_52' title='bbox 235 1119 346 1158; x_wconf 85' lang='lat' dir='ltr'><strong>aureas</strong></span> <span class='ocrx_word' id='word_1_53' title='bbox 377 1117 510 1158; x_wconf 82' lang='lat' dir='ltr'><strong>corones</strong></span> <span class='ocrx_word' id='word_1_54' title='bbox 545 1097 605 1176; x_wconf 77' lang='lat' dir='ltr'><strong>ipsi</strong></span> <span class='ocrx_word' id='word_1_55' title='bbox 640 1097 812 1178; x_wconf 84' lang='lat' dir='ltr'><strong>amicisque</strong></span> <span class='ocrx_word' id='word_1_56' title='bbox 848 1097 1011 1170; x_wconf 89' lang='lat' dir='ltr'><strong>omnibus,</strong></span> <span class='ocrx_word' id='word_1_57' title='bbox 1043 1110 1173 1181; x_wconf 89' lang='lat' dir='ltr'><strong>praeter</strong></span> 
     </span>
     <span class='ocr_line' id='line_1_10' title="bbox 139 1175 1174 1265; baseline 0 -27"><span class='ocrx_word' id='word_1_58' title='bbox 139 1180 253 1240; x_wconf 71' lang='lat' dir='ltr'><strong>rehaec</strong></span> <span class='ocrx_word' id='word_1_59' title='bbox 278 1176 391 1257; x_wconf 78' lang='lat' dir='ltr'><strong>signati</strong></span> <span class='ocrx_word' id='word_1_60' title='bbox 412 1175 534 1256; x_wconf 82' lang='lat' dir='ltr'><strong>argenti</strong></span> <span class='ocrx_word' id='word_1_61' title='bbox 555 1177 673 1234; x_wconf 83' lang='lat' dir='ltr'>LXXX</span> <span class='ocrx_word' id='word_1_62' title='bbox 694 1175 822 1250; x_wconf 89' lang='lat' dir='ltr'><strong>talenta,</strong></span> <span class='ocrx_word' id='word_1_63' title='bbox 844 1176 928 1235; x_wconf 92' lang='lat' dir='ltr'><strong>dono</strong></span> <span class='ocrx_word' id='word_1_64' title='bbox 957 1176 1055 1236; x_wconf 89' lang='lat' dir='ltr'><strong>dedit.</strong></span> <span class='ocrx_word' id='word_1_65' title='bbox 1100 1177 1174 1265; x_wconf 79' lang='lat' dir='ltr'><strong>Qua</strong></span> 
     </span>
     <span class='ocr_line' id='line_1_11' title="bbox 82 1254 1174 1338; baseline -0.002 -18"><span class='ocrx_word' id='word_1_66' title='bbox 82 1284 85 1288; x_wconf 94' lang='lat'>·</span> <span class='ocrx_word' id='word_1_67' title='bbox 173 1257 367 1338; x_wconf 76' lang='lat' dir='ltr'><strong>benignitate</strong></span> <span class='ocrx_word' id='word_1_68' title='bbox 385 1254 457 1315; x_wconf 87' lang='lat' dir='ltr'><strong>&#39;eius</strong></span> <span class='ocrx_word' id='word_1_69' title='bbox 473 1255 655 1317; x_wconf 84' lang='lat' dir='ltr'><strong>Alexander</strong></span> <span class='ocrx_word' id='word_1_70' title='bbox 675 1255 755 1314; x_wconf 87' lang='lat' dir='ltr'><strong>mire</strong></span> <span class='ocrx_word' id='word_1_71' title='bbox 779 1255 891 1330; x_wconf 87' lang='lat' dir='ltr'><strong>laetus,</strong></span> <span class='ocrx_word' id='word_1_72' title='bbox 912 1267 945 1315; x_wconf 87' lang='lat' dir='ltr'><strong>ct</strong></span> <span class='ocrx_word' id='word_1_73' title='bbox 967 1277 1049 1336; x_wconf 86' lang='lat' dir='ltr'><strong>quae</strong></span> <span class='ocrx_word' id='word_1_74' title='bbox 1070 1257 1096 1317; x_wconf 92' lang='lat' dir='ltr'><strong>is</strong></span> <span class='ocrx_word' id='word_1_75' title='bbox 1119 1259 1174 1318; x_wconf 86' lang='lat' dir='ltr'><strong>de-</strong></span> 
     </span>
     <span class='ocr_line' id='line_1_12' title="bbox 174 1332 1173 1416; baseline -0.003 -16"><span class='ocrx_word' id='word_1_76' title='bbox 174 1332 418 1410; x_wconf 84' lang='lat' dir='ltr'><strong>derat&#39;remisit,</strong></span> <span class='ocrx_word' id='word_1_77' title='bbox 439 1345 472 1393; x_wconf 89' lang='lat' dir='ltr'><strong>et</strong></span> <span class='ocrx_word' id='word_1_78' title='bbox 493 1335 580 1394; x_wconf 89' lang='lat' dir='ltr'><strong>mille</strong></span> <span class='ocrx_word' id='word_1_79' title='bbox 606 1335 721 1394; x_wconf 86' lang='lat' dir='ltr'><strong>talenta</strong></span> <span class='ocrx_word' id='word_1_80' title='bbox 742 1354 782 1393; x_wconf 84' lang='lat' dir='ltr'><strong>ex</strong></span> <span class='ocrx_word' id='word_1_81' title='bbox 802 1336 939 1414; x_wconf 90' lang='lat' dir='ltr'><strong>praeda,</strong></span> <span class='ocrx_word' id='word_1_82' title='bbox 962 1356 1055 1416; x_wconf 87' lang='lat' dir='ltr'><strong>quam</strong></span> <span class='ocrx_word' id='word_1_83' title='bbox 1077 1337 1173 1398; x_wconf 88' lang='lat' dir='ltr'><strong>vehe-</strong></span> 
     </span>
     <span class='ocr_line' id='line_1_13' title="bbox 173 1413 1173 1497; baseline -0.002 -19"><span class='ocrx_word' id='word_1_84' title='bbox 173 1419 237 1492; x_wconf 84' lang='lat' dir='ltr'><strong>bat,</strong></span> <span class='ocrx_word' id='word_1_85' title='bbox 260 1413 390 1490; x_wconf 79' lang='lat' dir='ltr'><strong>adiecit,</strong></span> <span class='ocrx_word' id='word_1_86' title='bbox 418 1415 582 1496; x_wconf 81' lang='lat' dir='ltr'><strong>multaque</strong></span> <span class='ocrx_word' id='word_1_87' title='bbox 614 1413 790 1474; x_wconf 84' lang='lat' dir='ltr'><strong>convivalia</strong></span> <span class='ocrx_word' id='word_1_88' title='bbox 821 1434 860 1476; x_wconf 83' lang='lat' dir='ltr'><strong>ex</strong></span> <span class='ocrx_word' id='word_1_89' title='bbox 882 1435 959 1474; x_wconf 86' lang='lat' dir='ltr'><strong>euro</strong></span> <span class='ocrx_word' id='word_1_90' title='bbox 986 1427 1019 1474; x_wconf 92' lang='lat' dir='ltr'><strong>et</strong></span> <span class='ocrx_word' id='word_1_91' title='bbox 1040 1429 1173 1497; x_wconf 78' lang='lat' dir='ltr'><strong>argento</strong></span> 
     </span>
     <span class='ocr_line' id='line_1_14' title="bbox 174 1493 1174 1576; baseline -0.003 -18"><span class='ocrx_word' id='word_1_92' title='bbox 174 1517 259 1571; x_wconf 80' lang='lat' dir='ltr'><strong>vasa,</strong></span> <span class='ocrx_word' id='word_1_93' title='bbox 278 1493 449 1572; x_wconf 88' lang='lat' dir='ltr'><strong>plurimum</strong></span> <span class='ocrx_word' id='word_1_94' title='bbox 470 1494 620 1554; x_wconf 85' lang='lat' dir='ltr'><strong>Persicae</strong></span> <span class='ocrx_word' id='word_1_95' title='bbox 645 1493 757 1566; x_wconf 80' lang='lat' dir='ltr'><strong>vestis,</strong></span> <span class='ocrx_word' id='word_1_96' title='bbox 787 1493 876 1551; x_wconf 90' lang='lat' dir='ltr'><strong>XXX</strong></span> <span class='ocrx_word' id='word_1_97' title='bbox 905 1513 1005 1576; x_wconf 88' lang='lat' dir='ltr'><strong>equos</strong></span> <span class='ocrx_word' id='word_1_98' title='bbox 1035 1516 1074 1555; x_wconf 87' lang='lat' dir='ltr'><strong>ex</strong></span> <span class='ocrx_word' id='word_1_99' title='bbox 1098 1497 1174 1570; x_wconf 86' lang='lat' dir='ltr'><strong>suis,</strong></span> 
     </span>
     <span class='ocr_line' id='line_1_15' title="bbox 146 1572 1174 1655; baseline -0.003 -18"><span class='ocrx_word' id='word_1_100' title='bbox 146 1613 150 1634; x_wconf 58' lang='lat' dir='ltr'>a</span> <span class='ocrx_word' id='word_1_101' title='bbox 175 1596 248 1638; x_wconf 88' lang='lat' dir='ltr'><strong>cum</strong></span> <span class='ocrx_word' id='word_1_102' title='bbox 269 1572 382 1632; x_wconf 86' lang='lat' dir='ltr'><strong>iisdem</strong></span> <span class='ocrx_word' id='word_1_103' title='bbox 402 1572 593 1654; x_wconf 78' lang='lat' dir='ltr'><strong>insignibus,</strong></span> <span class='ocrx_word' id='word_1_104' title='bbox 621 1573 690 1655; x_wconf 89' lang='lat' dir='ltr'><strong>quis</strong></span> <span class='ocrx_word' id='word_1_105' title='bbox 726 1585 948 1648; x_wconf 84' lang='lat' dir='ltr'><strong>assueverant,</strong></span> <span class='ocrx_word' id='word_1_106' title='bbox 978 1593 1050 1633; x_wconf 85' lang='lat' dir='ltr'><strong>cum</strong></span> <span class='ocrx_word' id='word_1_107' title='bbox 1071 1575 1174 1654; x_wconf 87' lang='lat' dir='ltr'><strong>ipsum</strong></span> 
     </span>
     <span class='ocr_line' id='line_1_16' title="bbox 143 1651 1174 1736; baseline 0.003 -25"><span class='ocrx_word' id='word_1_108' title='bbox 143 1655 341 1718; x_wconf 69' lang='lat' dir='ltr'><strong>eveherent.</strong></span> <span class='ocrx_word' id='word_1_109' title='bbox 384 1651 475 1736; x_wconf 83' lang='lat' dir='ltr'><strong>Quae</strong></span> <span class='ocrx_word' id='word_1_110' title='bbox 501 1653 673 1715; x_wconf 82' lang='lat' dir='ltr'><strong>liberalitas</strong></span> <span class='ocrx_word' id='word_1_111' title='bbox 703 1651 784 1712; x_wconf 89' lang='lat' dir='ltr'><strong>sicut</strong></span> <span class='ocrx_word' id='word_1_112' title='bbox 804 1651 976 1712; x_wconf 86' lang='lat' dir='ltr'><strong>barbarum</strong></span> <span class='ocrx_word' id='word_1_113' title='bbox 997 1653 1174 1714; x_wconf 77' lang='lat' dir='ltr'><strong>obstrinxe·</strong></span> 
     </span>
     <span class='ocr_line' id='line_1_17' title="bbox 175 1731 1174 1816; baseline -0.002 -20"><span class='ocrx_word' id='word_1_114' title='bbox 175 1747 234 1807; x_wconf 85' lang='lat' dir='ltr'><strong>rat,</strong></span> <span class='ocrx_word' id='word_1_115' title='bbox 255 1733 298 1792; x_wconf 87' lang='lat' dir='ltr'><strong>ita</strong></span> <span class='ocrx_word' id='word_1_116' title='bbox 320 1731 421 1792; x_wconf 87' lang='lat' dir='ltr'><strong>anieos</strong></span> <span class='ocrx_word' id='word_1_117' title='bbox 449 1733 547 1812; x_wconf 90' lang='lat' dir='ltr'><strong>ipsius</strong></span> <span class='ocrx_word' id='word_1_118' title='bbox 576 1731 784 1792; x_wconf 86' lang='lat' dir='ltr'><strong>vehementer</strong></span> <span class='ocrx_word' id='word_1_119' title='bbox 813 1731 958 1792; x_wconf 77' lang='lat' dir='ltr'><strong>offendit.</strong></span> <span class='ocrx_word' id='word_1_120' title='bbox 1002 1735 1031 1791; x_wconf 92' lang='lat' dir='ltr'><strong>E</strong></span> <span class='ocrx_word' id='word_1_121' title='bbox 1059 1734 1174 1816; x_wconf 82' lang='lat' dir='ltr'><strong>quibus</strong></span> 
     </span>
     <span class='ocr_line' id='line_1_18' title="bbox 176 1811 1174 1893; baseline -0.002 -18"><span class='ocrx_word' id='word_1_122' title='bbox 176 1814 348 1892; x_wconf 77' lang='lat' dir='ltr'><strong>Meleager,</strong></span> <span class='ocrx_word' id='word_1_123' title='bbox 369 1832 467 1892; x_wconf 89' lang='lat' dir='ltr'><strong>super</strong></span> <span class='ocrx_word' id='word_1_124' title='bbox 489 1833 620 1874; x_wconf 89' lang='lat' dir='ltr'><strong>coenam</strong></span> <span class='ocrx_word' id='word_1_125' title='bbox 641 1812 780 1893; x_wconf 83' lang='lat' dir='ltr'><strong>largiore</strong></span> <span class='ocrx_word' id='word_1_126' title='bbox 804 1811 874 1872; x_wconf 89' lang='lat' dir='ltr'><strong>vino</strong></span> <span class='ocrx_word' id='word_1_127' title='bbox 902 1831 995 1886; x_wconf 88' lang='lat' dir='ltr'><strong>usus,</strong></span> <span class='ocrx_word' id='word_1_128' title='bbox 1022 1814 1174 1893; x_wconf 80' lang='lat' dir='ltr'><strong>gratulari</strong></span> 
     </span>
     <span class='ocr_line' id='line_1_19' title="bbox 176 1891 1176 1974; baseline 0.001 -22"><span class='ocrx_word' id='word_1_129' title='bbox 176 1914 211 1954; x_wconf 89' lang='lat' dir='ltr'><strong>se</strong></span> <span class='ocrx_word' id='word_1_130' title='bbox 233 1891 416 1955; x_wconf 79' lang='lat' dir='ltr'><strong>Alexandro</strong></span> <span class='ocrx_word' id='word_1_131' title='bbox 440 1892 534 1960; x_wconf 87' lang='lat' dir='ltr'><strong>dixit,</strong></span> <span class='ocrx_word' id='word_1_132' title='bbox 565 1891 652 1974; x_wconf 87' lang='lat' dir='ltr'><strong>quod</strong></span> <span class='ocrx_word' id='word_1_133' title='bbox 681 1891 793 1952; x_wconf 88' lang='lat' dir='ltr'><strong>saltem</strong></span> <span class='ocrx_word' id='word_1_134' title='bbox 824 1892 855 1950; x_wconf 91' lang='lat' dir='ltr'><strong>in</strong></span> <span class='ocrx_word' id='word_1_135' title='bbox 884 1892 970 1950; x_wconf 86' lang='lat' dir='ltr'><strong>India</strong></span> <span class='ocrx_word' id='word_1_136' title='bbox 1000 1893 1176 1973; x_wconf 83' lang='lat' dir='ltr'><strong>reperisset</strong></span> 
     </span>
    </p>
   </div>
   <div class='ocr_carea' id='block_1_3' title="bbox 144 1970 1175 2131">
    <p class='ocr_par' dir='ltr' id='par_1_3' title="bbox 144 1970 1175 2131">
     <span class='ocr_line' id='line_1_20' title="bbox 144 1970 1175 2110; baseline 0.008 -84"><span class='ocrx_word' id='word_1_137' title='bbox 144 1973 305 2056; x_wconf 76' lang='lat' dir='ltr'><strong>aodignum</strong></span> <span class='ocrx_word' id='word_1_138' title='bbox 329 1970 454 2032; x_wconf 89' lang='lat' dir='ltr'><strong>talentis</strong></span> <span class='ocrx_word' id='word_1_139' title='bbox 476 1971 571 2034; x_wconf 84' lang='lat' dir='ltr'><strong>mille.</strong></span> <span class='ocrx_word' id='word_1_140' title='bbox 615 1973 700 2044; x_wconf 82' lang='lat' dir='ltr'><strong>Rex,</strong></span> <span class='ocrx_word' id='word_1_141' title='bbox 720 1970 804 2031; x_wconf 87' lang='lat' dir='ltr'><strong>baud</strong></span> <span class='ocrx_word' id='word_1_142' title='bbox 824 1971 940 2030; x_wconf 90' lang='lat' dir='ltr'><strong>oblitus</strong></span> <span class='ocrx_word' id='word_1_143' title='bbox 962 1993 1056 2054; x_wconf 82' lang='lat' dir='ltr'><strong>quarn</strong></span> <span class='ocrx_word' id='word_1_144' title='bbox 1079 1993 1175 2110; x_wconf 50' lang='lat' dir='ltr'><strong>aspre</strong></span> 
     </span>
     <span class='ocr_line' id='line_1_21' title="bbox 176 2050 1174 2131; baseline -0.002 -19"><span class='ocrx_word' id='word_1_145' title='bbox 176 2054 316 2126; x_wconf 83' lang='lat' dir='ltr'><strong>tulisset,</strong></span> <span class='ocrx_word' id='word_1_146' title='bbox 345 2051 433 2131; x_wconf 85' lang='lat' dir='ltr'><strong>quod</strong></span> <span class='ocrx_word' id='word_1_147' title='bbox 457 2050 574 2110; x_wconf 86' lang='lat' dir='ltr'><strong>Clitum</strong></span> <span class='ocrx_word' id='word_1_148' title='bbox 596 2050 636 2109; x_wconf 95' lang='lat' dir='ltr'><strong>ob</strong></span> <span class='ocrx_word' id='word_1_149' title='bbox 662 2050 788 2130; x_wconf 83' lang='lat' dir='ltr'><strong>linguae</strong></span> <span class='ocrx_word' id='word_1_150' title='bbox 810 2051 1020 2110; x_wconf 86' lang='lat' dir='ltr'><strong>temeritatem</strong></span> <span class='ocrx_word' id='word_1_151' title='bbox 1042 2053 1111 2114; x_wconf 90' lang='lat' dir='ltr'><strong>occi</strong></span> <span class='ocrx_word' id='word_1_152' title='bbox 1135 2053 1174 2110; x_wconf 88' lang='lat' dir='ltr'><strong>is·</strong></span> 
     </span>
    </p>
   </div>
   <div class='ocr_carea' id='block_1_4' title="bbox 137 2126 1241 3091">
    <p class='ocr_par' dir='ltr' id='par_1_4' title="bbox 177 2126 1174 2287">
     <span class='ocr_line' id='line_1_22' title="bbox 178 2126 1174 2208; baseline 0 -18"><span class='ocrx_word' id='word_1_153' title='bbox 178 2143 245 2203; x_wconf 85' lang='lat' dir='ltr'><strong>set,</strong></span> <span class='ocrx_word' id='word_1_154' title='bbox 267 2130 346 2188; x_wconf 90' lang='lat' dir='ltr'><strong>iram</strong></span> <span class='ocrx_word' id='word_1_155' title='bbox 376 2129 505 2208; x_wconf 88' lang='lat' dir='ltr'><strong>quidem</strong></span> <span class='ocrx_word' id='word_1_156' title='bbox 534 2126 652 2204; x_wconf 88' lang='lat' dir='ltr'><strong>tenuit,</strong></span> <span class='ocrx_word' id='word_1_157' title='bbox 683 2130 739 2192; x_wconf 83' lang='lat' dir='ltr'><strong>scd</strong></span> <span class='ocrx_word' id='word_1_158' title='bbox 761 2129 854 2204; x_wconf 81' lang='lat' dir='ltr'><strong>dixit,</strong></span> <span class='ocrx_word' id='word_1_159' title='bbox 888 2129 1009 2191; x_wconf 89' lang='lat' dir='ltr'><strong>invidos</strong></span> <span class='ocrx_word' id='word_1_160' title='bbox 1031 2131 1174 2194; x_wconf 88' lang='lat' dir='ltr'><strong>homines</strong></span> 
     </span>
     <span class='ocr_line' id='line_1_23' title="bbox 177 2207 922 2287; baseline 0.003 -21"><span class='ocrx_word' id='word_1_161' title='bbox 177 2209 254 2274; x_wconf 88' lang='lat' dir='ltr'><strong>nihil</strong></span> <span class='ocrx_word' id='word_1_162' title='bbox 277 2207 360 2265; x_wconf 92' lang='lat' dir='ltr'><strong>aliud</strong></span> <span class='ocrx_word' id='word_1_163' title='bbox 382 2228 474 2287; x_wconf 86' lang='lat' dir='ltr'><strong>quam</strong></span> <span class='ocrx_word' id='word_1_164' title='bbox 495 2209 639 2286; x_wconf 87' lang='lat' dir='ltr'><strong>ipsorum</strong></span> <span class='ocrx_word' id='word_1_165' title='bbox 659 2227 729 2266; x_wconf 89' lang='lat' dir='ltr'><strong>esse</strong></span> <span class='ocrx_word' id='word_1_166' title='bbox 752 2221 922 2269; x_wconf 85' lang='lat' dir='ltr'><strong>tormenta.</strong></span> 
     </span>
    </p>

    <p class='ocr_par' dir='ltr' id='par_1_5' title="bbox 137 2285 1176 2448">
     <span class='ocr_line' id='line_1_24' title="bbox 137 2285 1163 2382; baseline 0.008 -39"><span class='ocrx_word' id='word_1_167' title='bbox 137 2287 178 2355; x_wconf 78' lang='grc'><strong>44</strong></span> <span class='ocrx_word' id='word_1_168' title='bbox 257 2288 395 2347; x_wconf 87' lang='lat' dir='ltr'><strong>Postero</strong></span> <span class='ocrx_word' id='word_1_169' title='bbox 410 2285 461 2345; x_wconf 92' lang='lat' dir='ltr'><strong>die</strong></span> <span class='ocrx_word' id='word_1_170' title='bbox 476 2287 573 2367; x_wconf 78' lang='lat' dir='ltr'><strong>legati</strong></span> <span class='ocrx_word' id='word_1_171' title='bbox 588 2287 740 2346; x_wconf 85' lang='lat' dir='ltr'><strong>Abisarae</strong></span> <span class='ocrx_word' id='word_1_172' title='bbox 755 2286 863 2348; x_wconf 79' lang='lat' dir='ltr'><strong>adiere</strong></span> <span class='ocrx_word' id='word_1_173' title='bbox 884 2309 1005 2372; x_wconf 79' lang='lat' dir='ltr'><strong>regem.</strong></span> <span class='ocrx_word' id='word_1_174' title='bbox 1028 2289 1105 2352; x_wconf 68' lang='lat' dir='ltr'><strong>Om-</strong></span> <span class='ocrx_word' id='word_1_175' title='bbox 1127 2343 1163 2382; x_wconf 68' lang='lat' dir='ltr'>m</span> 
     </span>
     <span class='ocr_line' id='line_1_25' title="bbox 176 2346 1176 2448; baseline 0.008 -23"><span class='ocrx_word' id='word_1_176' title='bbox 176 2365 227 2425; x_wconf 83' lang='lat' dir='ltr'><strong>nia</strong></span> <span class='ocrx_word' id='word_1_177' title='bbox 242 2365 353 2425; x_wconf 89' lang='lat' dir='ltr'><strong>ditioni</strong></span> <span class='ocrx_word' id='word_1_178' title='bbox 369 2363 447 2438; x_wconf 89' lang='lat' dir='ltr'><strong>eius,</strong></span> <span class='ocrx_word' id='word_1_179' title='bbox 462 2365 505 2426; x_wconf 88' lang='lat' dir='ltr'><strong>ita</strong></span> <span class='ocrx_word' id='word_1_180' title='bbox 522 2377 557 2424; x_wconf 89' lang='lat' dir='ltr'><strong>ut</strong></span> <span class='ocrx_word' id='word_1_181' title='bbox 570 2366 750 2426; x_wconf 89' lang='lat' dir='ltr'><strong>mandatum</strong></span> <span class='ocrx_word' id='word_1_182' title='bbox 766 2379 845 2444; x_wconf 86' lang='lat' dir='ltr'><strong>erat,</strong></span> <span class='ocrx_word' id='word_1_183' title='bbox 859 2371 1088 2448; x_wconf 87' lang='lat' dir='ltr'><strong>permittebant</strong></span> <span class='ocrx_word' id='word_1_184' title='bbox 1094 2346 1125 2448; x_wconf 62' lang='lat' dir='ltr'><strong>3x</strong></span> <span class='ocrx_word' id='word_1_185' title='bbox 1167 2369 1176 2388; x_wconf 79' lang='grc'><strong><em>’</em></strong></span> 
     </span>
    </p>

    <p class='ocr_par' dir='ltr' id='par_1_6' title="bbox 139 2441 1241 2930">
     <span class='ocr_line' id='line_1_26' title="bbox 139 2441 1176 2526; baseline 0.007 -21"><span class='ocrx_word' id='word_1_186' title='bbox 139 2458 154 2498; x_wconf 82' lang='lat'><strong>²</strong></span> <span class='ocrx_word' id='word_1_187' title='bbox 177 2447 368 2526; x_wconf 86' lang='lat' dir='ltr'><strong>firmataque</strong></span> <span class='ocrx_word' id='word_1_188' title='bbox 397 2443 532 2506; x_wconf 86' lang='lat' dir='ltr'><strong>invicem</strong></span> <span class='ocrx_word' id='word_1_189' title='bbox 559 2441 621 2504; x_wconf 90' lang='lat' dir='ltr'><strong>lide</strong></span> <span class='ocrx_word' id='word_1_190' title='bbox 650 2447 855 2506; x_wconf 88' lang='lat' dir='ltr'><strong>remittuntur</strong></span> <span class='ocrx_word' id='word_1_191' title='bbox 882 2447 921 2508; x_wconf 83' lang='lat' dir='ltr'><strong>ad</strong></span> <span class='ocrx_word' id='word_1_192' title='bbox 949 2471 986 2510; x_wconf 91' lang='lat' dir='ltr'><strong>re</strong></span> <span class='ocrx_word' id='word_1_193' title='bbox 1011 2472 1071 2510; x_wconf 92' lang='lat' dir='ltr'><strong>em.</strong></span> <span class='ocrx_word' id='word_1_194' title='bbox 1113 2455 1176 2512; x_wconf 89' lang='lat' dir='ltr'><strong>Po-</strong></span> 
     </span>
     <span class='ocr_line' id='line_1_27' title="bbox 176 2472 1176 2609; baseline 0.008 -24"><span class='ocrx_word' id='word_1_195' title='bbox 176 2546 247 2590; x_wconf 88' lang='lat' dir='ltr'><strong>rum</strong></span> <span class='ocrx_word' id='word_1_196' title='bbox 280 2543 412 2609; x_wconf 88' lang='lat' dir='ltr'><strong>quoque</strong></span> <span class='ocrx_word' id='word_1_197' title='bbox 438 2524 569 2585; x_wconf 87' lang='lat' dir='ltr'><strong>nominis</strong></span> <span class='ocrx_word' id='word_1_198' title='bbox 599 2524 647 2584; x_wconf 88' lang='lat' dir='ltr'><strong>sui</strong></span> <span class='ocrx_word' id='word_1_199' title='bbox 673 2523 757 2589; x_wconf 83' lang='lat' dir='ltr'><strong>fama</strong></span> <span class='ocrx_word' id='word_1_200' title='bbox 791 2525 877 2586; x_wconf 78' lang='lat' dir='ltr'><strong>ratus</strong></span> <span class='ocrx_word' id='word_1_201' title='bbox 914 2529 953 2588; x_wconf 92' lang='lat' dir='ltr'><strong>ad</strong></span> <span class='ocrx_word' id='word_1_202' title='bbox 981 2472 1176 2594; x_wconf 73' lang='lat' dir='ltr'><strong>deditionem</strong></span> 
     </span>
     <span class='ocr_line' id='line_1_28' title="bbox 177 2603 1177 2692; baseline 0.009 -28"><span class='ocrx_word' id='word_1_203' title='bbox 177 2625 272 2686; x_wconf 88' lang='lat' dir='ltr'><strong>posse</strong></span> <span class='ocrx_word' id='word_1_204' title='bbox 294 2603 452 2684; x_wconf 89' lang='lat' dir='ltr'><strong>compelli,</strong></span> <span class='ocrx_word' id='word_1_205' title='bbox 472 2604 555 2667; x_wconf 83' lang='lat' dir='ltr'><strong>misit</strong></span> <span class='ocrx_word' id='word_1_206' title='bbox 574 2603 614 2666; x_wconf 90' lang='lat' dir='ltr'><strong>ad</strong></span> <span class='ocrx_word' id='word_1_207' title='bbox 641 2625 713 2665; x_wconf 93' lang='lat' dir='ltr'><strong>eum</strong></span> <span class='ocrx_word' id='word_1_208' title='bbox 737 2605 949 2682; x_wconf 84' lang='lat' dir='ltr'><strong>Cleocharen,</strong></span> <span class='ocrx_word' id='word_1_209' title='bbox 977 2613 1032 2692; x_wconf 89' lang='lat' dir='ltr'><strong>qui</strong></span> <span class='ocrx_word' id='word_1_210' title='bbox 1058 2612 1177 2672; x_wconf 88' lang='lat' dir='ltr'><strong>denun-</strong></span> 
     </span>
     <span class='ocr_line' id='line_1_29' title="bbox 177 2684 1176 2768; baseline 0.008 -25"><span class='ocrx_word' id='word_1_211' title='bbox 177 2685 273 2750; x_wconf 86' lang='lat' dir='ltr'><strong>tiaret</strong></span> <span class='ocrx_word' id='word_1_212' title='bbox 293 2684 333 2759; x_wconf 87' lang='lat' dir='ltr'><strong>ei,</strong></span> <span class='ocrx_word' id='word_1_213' title='bbox 354 2697 391 2744; x_wconf 88' lang='lat' dir='ltr'><strong>ut</strong></span> <span class='ocrx_word' id='word_1_214' title='bbox 412 2684 602 2766; x_wconf 85' lang='lat' dir='ltr'><strong>stipendium</strong></span> <span class='ocrx_word' id='word_1_215' title='bbox 623 2684 792 2766; x_wconf 66' lang='lat' dir='ltr'><strong>penderet,</strong></span> <span class='ocrx_word' id='word_1_216' title='bbox 817 2697 850 2744; x_wconf 90' lang='lat' dir='ltr'><strong>et</strong></span> <span class='ocrx_word' id='word_1_217' title='bbox 870 2687 901 2746; x_wconf 93' lang='lat' dir='ltr'><strong>in</strong></span> <span class='ocrx_word' id='word_1_218' title='bbox 920 2689 1023 2768; x_wconf 88' lang='lat' dir='ltr'><strong>primo</strong></span> <span class='ocrx_word' id='word_1_219' title='bbox 1045 2712 1176 2754; x_wconf 88' lang='lat' dir='ltr'><strong>suorum</strong></span> 
     </span>
     <span class='ocr_line' id='line_1_30' title="bbox 177 2763 1176 2849; baseline 0.007 -25"><span class='ocrx_word' id='word_1_220' title='bbox 177 2763 286 2824; x_wconf 89' lang='lat' dir='ltr'><strong>linium</strong></span> <span class='ocrx_word' id='word_1_221' title='bbox 307 2763 394 2823; x_wconf 90' lang='lat' dir='ltr'><strong>aditu</strong></span> <span class='ocrx_word' id='word_1_222' title='bbox 423 2776 612 2825; x_wconf 86' lang='lat' dir='ltr'><strong>occurreret</strong></span> <span class='ocrx_word' id='word_1_223' title='bbox 639 2765 719 2846; x_wconf 82' lang='lat' dir='ltr'><strong>regi.</strong></span> <span class='ocrx_word' id='word_1_224' title='bbox 761 2765 866 2824; x_wconf 89' lang='lat' dir='ltr'><strong>Porus</strong></span> <span class='ocrx_word' id='word_1_225' title='bbox 893 2768 1031 2849; x_wconf 70' lang='lat' dir='ltr'><strong>plterum</strong></span> <span class='ocrx_word' id='word_1_226' title='bbox 1060 2791 1099 2830; x_wconf 86' lang='lat' dir='ltr'><strong>ex</strong></span> <span class='ocrx_word' id='word_1_227' title='bbox 1127 2771 1176 2832; x_wconf 81' lang='lat' dir='ltr'><strong>his</strong></span> 
     </span>
     <span class='ocr_line' id='line_1_31' title="bbox 176 2843 1241 2930; baseline 0.008 -26"><span class='ocrx_word' id='word_1_228' title='bbox 176 2843 340 2910; x_wconf 84' lang='lat' dir='ltr'><strong>facturum</strong></span> <span class='ocrx_word' id='word_1_229' title='bbox 369 2863 439 2903; x_wconf 89' lang='lat' dir='ltr'><strong>sese</strong></span> <span class='ocrx_word' id='word_1_230' title='bbox 470 2843 654 2924; x_wconf 85' lang='lat' dir='ltr'><strong>respondit,</strong></span> <span class='ocrx_word' id='word_1_231' title='bbox 695 2855 731 2902; x_wconf 92' lang='lat' dir='ltr'><strong>ut</strong></span> <span class='ocrx_word' id='word_1_232' title='bbox 762 2843 890 2904; x_wconf 86' lang='lat' dir='ltr'><strong>intranti</strong></span> <span class='ocrx_word' id='word_1_233' title='bbox 921 2867 1054 2930; x_wconf 84' lang='lat' dir='ltr'><strong>regnum</strong></span> <span class='ocrx_word' id='word_1_234' title='bbox 1084 2873 1176 2912; x_wconf 88' lang='lat' dir='ltr'><strong>suum</strong></span> <span class='ocrx_word' id='word_1_235' title='bbox 1240 2847 1241 2850; x_wconf 44' lang='lat'>&#39;</span> 
     </span>
    </p>

    <p class='ocr_par' dir='ltr' id='par_1_7' title="bbox 139 2920 1176 3091">
     <span class='ocr_line' id='line_1_32' title="bbox 139 2920 1176 3005; baseline 0.011 -25"><span class='ocrx_word' id='word_1_236' title='bbox 139 2934 157 2980; x_wconf 72' lang='lat' dir='ltr'><strong>s</strong></span> <span class='ocrx_word' id='word_1_237' title='bbox 176 2933 307 3002; x_wconf 85' lang='lat' dir='ltr'><strong>praesto</strong></span> <span class='ocrx_word' id='word_1_238' title='bbox 330 2935 425 2998; x_wconf 88' lang='lat' dir='ltr'><strong>esset,</strong></span> <span class='ocrx_word' id='word_1_239' title='bbox 447 2920 504 2982; x_wconf 87' lang='lat' dir='ltr'><strong>sed</strong></span> <span class='ocrx_word' id='word_1_240' title='bbox 528 2934 677 2986; x_wconf 75' lang='lat' dir='ltr'><strong>armatus·</strong></span> <span class='ocrx_word' id='word_1_241' title='bbox 716 2925 781 2982; x_wconf 92' lang='lat' dir='ltr'><strong>lam</strong></span> <span class='ocrx_word' id='word_1_242' title='bbox 804 2925 975 3005; x_wconf 88' lang='lat' dir='ltr'><strong>Hydaspen</strong></span> <span class='ocrx_word' id='word_1_243' title='bbox 996 2930 1176 2990; x_wconf 85' lang='lat' dir='ltr'><strong>Alexander</strong></span> 
     </span>
     <span class='ocr_line' id='line_1_33' title="bbox 174 3001 1175 3091; baseline 0.011 -31"><span class='ocrx_word' id='word_1_244' title='bbox 174 3003 333 3087; x_wconf 51' lang='lat' dir='ltr'><strong>¹&#39;superare</strong></span> <span class='ocrx_word' id='word_1_245' title='bbox 354 3001 554 3081; x_wconf 79' lang='lat' dir='ltr'><strong>decreverat,</strong></span> <span class='ocrx_word' id='word_1_246' title='bbox 575 3017 648 3067; x_wconf 84' lang='lat' dir='ltr'><strong>cum</strong></span> <span class='ocrx_word' id='word_1_247' title='bbox 670 3007 874 3091; x_wconf 72' lang='lat' dir='ltr'><strong>Barzaente&#39;s,</strong></span> <span class='ocrx_word' id='word_1_248' title='bbox 888 3004 1074 3070; x_wconf 81' lang='lat' dir='ltr'><strong>defectionis</strong></span> <span class='ocrx_word' id='word_1_249' title='bbox 1097 3011 1175 3071; x_wconf 81' lang='lat' dir='ltr'><strong>Ara·</strong></span> 
     </span>
    </p>
   </div>
   <div class='ocr_carea' id='block_1_5' title="bbox 181 3123 367 3138">
    <p class='ocr_par' dir='ltr' id='par_1_8' title="bbox 181 3123 367 3138">
     <span class='ocr_line' id='line_1_34' title="bbox 181 3123 367 3138; baseline 0 0"><span class='ocrx_word' id='word_1_250' title='bbox 181 3123 367 3138; x_wconf 47' lang='lat' dir='ltr'><strong>m*</strong></span> 
     </span>
    </p>
   </div>
   <div class='ocr_carea' id='block_1_6' title="bbox 181 3180 725 3384">
    <p class='ocr_par' dir='ltr' id='par_1_9' title="bbox 181 3180 725 3384">
     <span class='ocr_line' id='line_1_35' title="bbox 181 3180 725 3255; baseline 0.006 -21"><span class='ocrx_word' id='word_1_251' title='bbox 181 3184 201 3239; x_wconf 53' lang='lat'><strong>,⁴</strong></span> <span class='ocrx_word' id='word_1_252' title='bbox 233 3180 274 3249; x_wconf 80' lang='lat'><strong>¹5)</strong></span> <span class='ocrx_word' id='word_1_253' title='bbox 294 3183 328 3234; x_wconf 84' lang='lat' dir='ltr'><strong>al.</strong></span> <span class='ocrx_word' id='word_1_254' title='bbox 349 3184 497 3250; x_wconf 78' lang='lat' dir='ltr'><strong>excepisset</strong></span> <span class='ocrx_word' id='word_1_255' title='bbox 511 3192 537 3234; x_wconf 85' lang='lat' dir='ltr'><strong>et</strong></span> <span class='ocrx_word' id='word_1_256' title='bbox 553 3189 725 3255; x_wconf 80' lang='lat' dir='ltr'><strong>suscepisset.</strong></span> 
     </span>
     <span class='ocr_line' id='line_1_36' title="bbox 230 3249 550 3317; baseline 0.006 -18"><span class='ocrx_word' id='word_1_257' title='bbox 230 3257 274 3317; x_wconf 83' lang='lat'><strong>17)</strong></span> <span class='ocrx_word' id='word_1_258' title='bbox 295 3251 328 3300; x_wconf 82' lang='lat' dir='ltr'><strong>al.</strong></span> <span class='ocrx_word' id='word_1_259' title='bbox 349 3249 550 3307; x_wconf 63' lang='lat' dir='ltr'><strong>adsurrexerat.</strong></span> 
     </span>
     <span class='ocr_line' id='line_1_37' title="bbox 249 3317 717 3384; baseline 0.015 -19"><span class='ocrx_word' id='word_1_260' title='bbox 249 3320 278 3382; x_wconf 88' lang='lat'><strong>1)</strong></span> <span class='ocrx_word' id='word_1_261' title='bbox 297 3317 415 3370; x_wconf 87' lang='lat' dir='ltr'><strong>Theocr.</strong></span> <span class='ocrx_word' id='word_1_262' title='bbox 434 3319 521 3384; x_wconf 80' lang='lat' dir='ltr'><strong>legati</strong></span> <span class='ocrx_word' id='word_1_263' title='bbox 536 3322 577 3371; x_wconf 82' lang='lat' dir='ltr'><strong>ab</strong></span> <span class='ocrx_word' id='word_1_264' title='bbox 595 3322 717 3372; x_wconf 83' lang='lat' dir='ltr'><strong>Abisure.</strong></span> 
     </span>
    </p>
   </div>
   <div class='ocr_carea' id='block_1_7' title="bbox 181 3371 1174 3522">
    <p class='ocr_par' dir='ltr' id='par_1_10' title="bbox 181 3371 1174 3522">
     <span class='ocr_line' id='line_1_38' title="bbox 181 3371 1174 3522; baseline 0.017 -89"><span class='ocrx_word' id='word_1_265' title='bbox 181 3385 384 3522; x_wconf 44' lang='lat' dir='ltr'><strong>COdQX&#39;plplsm</strong></span> <span class='ocrx_word' id='word_1_266' title='bbox 395 3389 609 3506; x_wconf 45' lang='lat' dir='ltr'><strong>pugpp&#39;pellere.</strong></span> <span class='ocrx_word' id='word_1_267' title='bbox 636 3416 670 3430; x_wconf 87' lang='lat'><em>-</em></span> <span class='ocrx_word' id='word_1_268' title='bbox 709 3389 829 3442; x_wconf 80' lang='lat' dir='ltr'><strong>Freinsb.</strong></span> <span class='ocrx_word' id='word_1_269' title='bbox 853 3401 953 3460; x_wconf 79' lang='lat' dir='ltr'><strong>transp.</strong></span> <span class='ocrx_word' id='word_1_270' title='bbox 981 3372 1078 3446; x_wconf 78' lang='lat' dir='ltr'><strong>eontra</strong></span> <span class='ocrx_word' id='word_1_271' title='bbox 1095 3371 1174 3463; x_wconf 48' lang='lat' dir='ltr'><strong>¹opit.x</strong></span> 
     </span>
    </p>
   </div>
   <div class='ocr_carea' id='block_1_8' title="bbox 0 0 1353 3872">
    <p class='ocr_par' dir='ltr' id='par_1_11' title="bbox 0 0 1353 3872">
     <span class='ocr_line' id='line_1_39' title="bbox 0 0 1353 3872; baseline 0 0"><span class='ocrx_word' id='word_1_272' title='bbox 0 0 1353 3872; x_wconf 95' lang='lat' dir='ltr'><strong> </strong></span> 
     </span>
    </p>
   </div>
  </div>
 </body>
</html>
