2686 3876
192 394 223 450 to
489 435 492 442 a
543 389 579 460 o.
603 391 823 454 culminum

145 556 167 622 p
199 565 204 574 ·
269 533 356 600 Dum
376 539 458 600 haee
477 538 626 620 Amyntas
645 539 724 623 agit,
744 539 1120 620 fortesuperuenerunt,¹
1151 553 1191 632 u5

144 625 146 632 ’
189 619 246 704 qui
268 618 403 682 fratrem
424 619 491 681 eius
512 619 731 695 Polemonem,
752 619 794 680 de
814 639 879 703 quo
904 630 977 681 ante
997 630 1043 680 est
1066 618 1112 678 ‹li-
1147 673 1149 676 .
1178 619 1186 634 ‘

188 711 285 774 ctum,
304 697 480 780 fugientem
500 699 665 762 consecuti
684 699 823 774 vinctum
840 697 1043 761 reducebant.
1069 698 1194 760 infesta

189 779 302 840 concio
314 779 369 841 rix
382 777 518 840 inhiberi
535 780 650 859 potuit,
674 779 748 862 quin
770 779 915 860 protinus
936 799 995 839 suo
1011 799 1103 840 more
1115 799 1188 838 saxa

152 881 168 922 2
189 858 222 918 iu
241 877 315 920 eum
330 859 460 920 iaceret.
503 859 612 942 Atque.
636 859 690 920 ille
715 879 789 920 sane
816 858 1000 931 interritus,
1019 857 1124 935 Nihil,
1143 857 1189 918 ina

88 955 93 970 ’
189 938 270 1034 spuit,
290 958 351 1031 pro
372 958 423 998 me
444 937 622 1018 deprecor,
648 939 746 998 modo
772 959 812 1002 nc
834 935 968 1000 fratrum
991 937 1194 1020 innocentiae

188 1019 266 1100 luga
292 1029 469 1100 1mputetur
499 1038 579 1080 mea.
625 1021 715 1080 Haec
743 1018 769 1079 si
801 1016 935 1078 defendi
971 1038 1035 1078 non
1071 1027 1191 1098 potest,

187 1097 441 1162 meum'crimeu
469 1096 521 1161 sit.
566 1099 692 1160 Horum
725 1098 768 1158 oh
802 1098 836 1158 id
865 1098 969 1180 ipsum
995 1098 1110 1158 melior
1140 1107 1191 1158 est
1232 1153 1233 1156 ,

189 1197 292 1248 causa,
317 1178 406 1263 quod
426 1197 498 1262 ego,
519 1177 575 1261 qui
594 1177 735 1272 profugi,
757 1189 925 1258 suspectus
951 1199 1029 1238 sum.
1052 1179 1095 1238 At
1108 1175 1190 1236 haec

151 1273 167 1318 a
188 1258 317 1323 elocuto
339 1258 488 1320 universa
511 1277 624 1320 concio
650 1277 774 1318 assensa
805 1267 869 1317 est:
895 1258 1043 1319 lacrimae
1073 1256 1192 1319 deinde

190 1337 335 1404 omnibus
369 1357 497 1398 manare
526 1349 722 1418 coeperunt,
756 1335 838 1398 adeo
867 1337 898 1396 in
925 1339 1118 1399 contrarium
1139 1357 1190 1398 rm

189 1430 287 1500 pente
310 1418 456 1493 mutatis,
476 1428 513 1478 ut
539 1417 643 1480 solum
670 1438 729 1496 pro
757 1437 797 1479 eo
818 1427 920 1486 esset,
944 1419 1032 1499 quod
1055 1418 1192 1478 maxime

152 1501 336 1562 slaeserat.
379 1496 504 1558 Iuvenis
527 1509 597 1558 erat
620 1497 724 1578 primo
755 1496 864 1558 aetatis
890 1494 972 1558 llere
1011 1498 1191 1572 rubescens,

191 1599 288 1663 quem
308 1579 393 1641 iuter
409 1576 533 1660 equites
547 1577 713 1642 tormentis
727 1577 875 1639 Philotae
892 1519 1096 1638 conturbatos
1117 1577 1191 1636 alie·

190 1681 249 1720 nus
269 1671 379 1720 terror
399 1656 591 1718 abstulerat:
626 1656 788 1718 desertum
814 1677 886 1716 eum
908 1679 925 1716 a
950 1655 1192 1736 comitibus,.et

190 1738 397 1807 haesitantem
432 1736 516 1800 inter
551 1738 738 1800 revertendi
772 1735 979 1822 fugiendique
1017 1735 1193 1809 eonsilium,

156 1819 249 1900 equi
270 1815 384 1880 secuti
400 1829 490 1880 eraut
523 1830 773 1898 occupaverunt.
815 1819 850 1878 *ls
878 1828 944 1878 tum
972 1815 1053 1878 llere
1085 1817 1193 1898 coepit

192 1909 227 1964 et
244 1917 281 1958 ¹os
299 1917 391 1958 suum
415 1897 664 1972 contraherem,
685 1909 824 1960 maestus
839 1919 902 1959 uon
916 1919 1002 1960 suam
1016 1896 1120 1958 vicem
1135 1896 1193 1958 sed

156 1988 330 2072 spropter
367 1977 471 2059 ipsum
504 1976 750 2058 periclitantium
782 1978 928 2038 fratrum.
983 1979 1193 2059 Moveratque

193 2079 255 2120 ram
275 2077 385 2140 regem
430 2077 554 2141 nuque,
579 2078 642 2120 nou
665 2059 853 2136 concionem
882 2057 996 2133 modo,
1022 2057 1080 2117 sed
1113 2075 1192 2117 unus

193 2147 263 2198 erat
275 2080 483 2231 implacabilis
505 2137 617 2211 frater,
639 2136 694 2217 qui
707 2136 845 2196 terribili
865 2136 953 2196 vultu
969 2137 1094 2212 intuens
1108 2157 1194 2212 eum,

193 2221 287 2294 Tum,
309 2229 361 2290 an,
382 2215 523 2292 demens,
547 2215 713 2279 lacrimare
734 2216 903 2293 debueras,
926 2235 997 2278 cum
1022 2235 1107 2300 equo
1128 2217 1193 2278 cal·

194 2297 279 2358 caria
293 2296 460 2374 subderes,
474 2295 609 2358 fratrum
628 2295 778 2358 desertor
798 2307 831 2356 et
852 2295 1054 2358 desertorum
1077 2317 1193 2358 comes.

194 2378 304 2453 Miser,
325 2398 391 2460 quo
413 2389 447 2438 et
466 2377 551 2442 unde
571 2373 740 2456 fugiebas?
761 2374 927 2448 Effecisti,
956 2388 993 2438 ut
1014 2397 1089 2436 reus
1111 2377 1193 2458 capi·

156 2458 235 2520 ⁷sis
264 2457 459 2520 accusatoris
489 2469 600 2518 uterer
630 2455 745 2519 verbis.
783 2457 863 2532 lile,
892 2476 1042 2537 peccasse
1064 2478 1115 2529 se,
1137 2455 1195 2516 sed

195 2537 324 2620 gravius
344 2537 378 2619 iq
396 2536 514 2598 iratres
534 2556 628 2618 quam
642 2535 673 2594 in
691 2537 906 2616 semetipsum,
922 2535 1090 2596 fatebatur.
1112 2539 1195 2596 Tum

196 2637 276 2682 vero
291 2630 395 2701 neque
415 2617 555 2679 lacrimis
570 2635 676 2696 neque
691 2616 979 2687 acclamationibus,
995 2615 1111 2696 quibus
1130 2625 1194 2674 stu*

195 2697 247 2762 dia
262 2719 317 2760 sua
327 2696 496 2761 multitudo
510 2692 691 2778 profitetur,
705 2691 1042 2776 temperaveruntUnn
1055 2707 1196 2757 vexerat

191 2778 266 2859 pari
273 2778 384 2840 emissa
393 2797 559 2857 consensu,
567 2773 784 2838 utinsontibus
797 2785 830 2836 et
843 2773 980 2838 fortibus
992 2776 1070 2838 viris
1084 2794 1195 2858 parce·

263 3091 291 3150 1]
309 3087 364 3137 Pal.
387 3085 630 3152 t.superve1u'unt.
652 3111 686 3126 ·-
702 3083 778 3136 Frsh.
798 3079 902 3148 efretum
922 3093 962 3134 est
982 3092 1046 3132 runt.
1060 3081 1120 3132 ord.

262 3159 292 3218 2)
311 3151 386 3206 Both.
406 3161 476 3205 auct.
495 3150 561 3219 qdd.
579 3155 642 3205 Mes.
661 3149 708 3204 ad
724 3151 791 3202 ltere
812 3148 927 3202 elocrtto.

261 3229 290 3289 3)
307 3217 384 3275 Mod.
403 3220 451 3276 Ed.
471 3221 600 3274 lacrimae
617 3219 784 3288 dariique.
813 3245 846 3261 -
870 3219 912 3269 rt.
930 3217 1006 3268 Leid.
1024 3216 1101 3266 Voss.
1121 3224 1144 3271 1.
1166 3229 1196 3265 ut

201 3291 254 3346 hoe
280 3290 379 3342 scirem.
540 3315 543 3320 ¹

265 3358 294 3423 4)
310 3357 378 3408 Edd.
399 3357 464 3426 qdd'.
483 3355 618 3408 desertum
641 3357 737 3406 enim.

264 3428 294 3490 5)
311 3428 336 3478 is
358 3437 425 3476 turre
445 3428 520 3480 Voss.
538 3443 564 3478 α.
583 3452 616 3464 ···
633 3421 702 3478 ΕΜ.
721 3429 785 3476 vett.
803 3438 866 3476 cuce
882 3418 959 3476 blod.
971 3424 1027 3470 ηὸη
1047 3418 1087 3468 ob
1107 3434 1196 3478 suam,

199 3495 308 3550 Nollem
326 3495 390 3550 Lex.
408 3494 469 3546 Ant.
489 3512 514 3563 p.
537 3494 610 3558 1578.
738 3489 741 3494 '
