2688 3872
436 357 482 412 DE
506 357 878 424 oesi·1sALEx.1X‚ss.
1105 364 1154 416 153

156 507 197 568 ab*
216 505 332 590 ignaris
352 517 485 568 naturae
506 505 584 566 eius.
625 507 736 587 ltaque
756 503 878 584 ingenti
898 505 1060 568 alacritate
1080 525 1154 564 nau·
1177 527 1193 571 7

154 588 211 648 tici
231 587 405 668 remigant,
432 595 465 644 et
492 585 638 666 proximo
669 604 734 664 quo
761 602 801 641 ue
831 583 899 658 die,
932 609 997 668 quo
1021 584 1155 666 propius

154 687 228 749 spes
249 663 491 738 admovebatur,
511 663 678 722 crescebat
699 607 797 724 ardor
821 663 1008 728 animorum.
1042 664 1154 724 Tertio

153 747 216 806 iam
237 745 289 804 die
311 743 443 803 mixtum
466 739 589 801 llumini
611 739 740 802 subibat
759 760 866 817 mare,
897 743 960 802 leni
982 743 1083 804 adbuc
1104 761 1154 803 ae·

136 825 208 886 'stu
237 822 455 885 confundente
486 821 629 900 dispares
650 820 759 882 undas.
801 823 883 879 Tum
910 823 1001 882 aliam
1021 822 1154 881 insulam
1178 839 1193 884 s

153 905 261 964 medio
296 901 379 962 amni
413 901 502 960 sitam
531 899 636 961 evecti
667 901 762 980 paulo
783 899 918 978 lentius,
947 902 1153 983 quia-cursus

155 995 246 1043 aestu
266 979 553 1055 reverberabantur,
581 979 740 1059 applicant
763 979 914 1055 classem,
942 993 976 1040 et
1003 979 1043 1039 ad
1068 1001 1154 1042 com·

153 1072 277 1121 meatus
299 1059 456 1140 petendos
477 1057 673 1137 discurrunt,
692 1059 799 1120 securi
820 1078 909 1120 casus
926 1059 1006 1137 eius,
1027 1059 1083 1142 qui
1103 1080 1155 1118 su·

144 1138 304 1221 pervenit
323 1137 451 1219 ignaris.

225 1217 346 1278 Tertia
366 1217 470 1277 fer-me
490 1216 571 1278 bora
593 1228 679 1292 erat,
708 1237 782 1278 eum
810 1229 891 1278 stata
913 1217 984 1279 vice
1006 1215 1195 1282 Oceanus35

157 1308 342 1361 exaestuans
356 1297 464 1356 invehi
478 1296 589 1389 coepit
602 1307 634 1356 et
653 1307 743 1358 retro
765 1293 885 1359 flumen
905 1317 1034 1378 urgere.
1056 1295 1156 1378 Quod

155 1377 261 1470 primo
283 1375 471 1452 coercitum,
498 1375 613 1436 deinde
634 1375 854 1443 vehementius
875 1377 1015 1458 pulsum,
1035 1375 1156 1435 maiore

156 1466 280 1535 unpetu
301 1453 469 1514 adversum
492 1455 674 1538 agebatur„
699 1477 793 1538 quam
814 1456 970 1516 torrentia
990 1452 1176 1536 praecipiti

146 1535 249 1604 valteo
271 1535 449 1596 incurrunt.
476 1536 489 1592 1
515 1546 587 1594 uota
610 1535 663 1596 vul
689 1553 708 1592 o
733 1533 810 1594 freti
837 1547 947 1595 natura
969 1547 1048 1610 erat,
1069 1551 1197 1592 mon-10

144 1625 286 1699 *atraque
321 1624 355 1672 et
387 1612 455 1672 irae
518 1633 591 1672 eum
626 1555 741 1674 indicia
778 1633 913 1674 cernere
955 1613 1157 1678 videbantur,
1284 1605 1287 1622 ¹

88 1699 93 1709 “
156 1693 336 1758 Identidem
364 1691 576 1752 intumescens
597 1711 686 1752 mare
712 1692 796 1752 etin
819 1713 947 1773 campos
969 1695 1065 1772 paulo
1088 1703 1158 1754 ante

144 1771 260 1836 siccos
295 1770 492 1831 descendere
519 1768 735 1848 superfusum.
775 1773 907 1854 Iamque
934 1772 1046 1832 levatis
1073 1771 1195 1830 navi-11

147 1851 217 1933 *giis
238 1863 271 1912 et
290 1862 360 1910 tota
381 1850 481 1908 classe
506 1849 665 1928 dispersa,
698 1848 754 1930 qui
781 1851 922 1930 expositi
946 1861 1038 1910 erant
1064 1848 1160 1909 undi-v

158 1949 223 2012 que
245 1930 282 1989 ad
306 1949 402 1989 naves
425 1926 544 2006 trepidi
576 1937 610 1986 et
637 1927 812 2007 improviso
846 1930 930 1988 malo
961 1929 1087 1990 attoniti
1107 1947 1158 1987 re·

157 2019 297 2074 currunt,
341 2007 406 2068 Sed
427 2007 459 2066 in
478 2006 619 2065 tumultu
649 2005 811 2066 festinatio
839 2027 970 2090 quoque
989 2007 1079 2067 tarda
1100 2017 1196 2066 estse
1273 2029 1280 2034 -

156 2088 202 2148 Hi
222 2087 324 2148 contis
352 2086 478 2168 navigia
510 2107 526 2145 a
550 2085 732 2165 pellebant,
761 2084 795 2144 hi
823 2085 899 2145 dum
924 2106 1030 2146 remos
1057 2085 1160 2174 aptari
1206 2097 1217 2166 'f

158 2166 515 2248 prohibebantfconse
541 2177 641 2230 erant.
683 2164 820 2252 Quidam
851 2165 1020 2247 enavigare
1042 2177 1199 2246 prope-13

159 2261 278 2323 rantes,
299 2246 357 2306 sed
378 2266 441 2306 non
462 2243 670 2325 exspectatis,
699 2245 754 2326 qui
780 2245 873 2306 simul
896 2265 965 2306 esse
982 2245 1158 2312 debebant,

147 2325 271 2388 claude
292 2337 326 2386 ct
345 2325 494 2386 inhabilia
514 2323 638 2405 navigia
658 2324 807 2406 languide
828 2323 1056 2387 moliebantur:
1079 2323 1158 2384 aliae

157 2407 284 2467 navium
304 2405 483 2470 inconsulte
504 2415 634 2464 ruentes
654 2424 717 2464 non
739 2416 948 2486 receperant3
970 2405 1158 2484 pariterque

149 2497 194 2548 ,et
217 2485 387 2546 multitudo
411 2495 443 2546 et
469 2483 611 2564 paucitas
639 2482 825 2544 festinantes
847 2483 1059 2560 morabatur..
1088 2484 1196 2543 cla-14

157 2569 229 2624 mor
243 2563 327 2622 »hinc
343 2568 532 2642 exspectare
556 2561 629 2620 hinc
655 2562 704 2623 ire
724 2562 920 2634 iubentium,
948 2561 1158 2642 dissonaeque

159 2660 257 2716 voces
283 2661 444 2721 nunquam
476 2640 562 2700 idem
597 2651 693 2720 atque
728 2661 825 2698 unum
858 2639 1058 2710 tendentium
1093 2662 1158 2700 non

159 2719 327 2780 oculorum
347 2718 445 2778 modo
474 2715 567 2776 usum
587 2707 644 2775 sed
671 2717 764 2778 etiam
795 2718 919 2788 aurium
952 2719 1157 2783 abstulerant.

159 2799 207 2857 Ne
235 2797 267 2860 in
304 2794 574 2878 gubernatoribus
611 2795 742 2886 quidem
776 2795 948 2885 quicquam
979 2799 1048 2888 opis
1079 2808 1198 2876 erat,15
1271 2801 1276 2812 ’

225 3021 254 3074 8)
273 3035 323 3086 pro
342 3019 444 3070 lentius
462 3023 496 3070 al.
514 3020 600 3072 levius
619 3025 661 3076 vel
680 3023 776 3078 lartius.

226 3085 254 3151 9)
271 3088 296 3136 lt.
315 3090 333 3138 l.
354 3089 443 3156 inepte
463 3090 578 3138 variatur
597 3091 666 3140 luter
686 3102 761 3140 stata
780 3098 806 3140 et
822 3102 938 3142 stellata.

207 3169 241 3208 ιο
274 3155 352 3206 Voss.
372 3161 397 3210 2.
416 3158 503 3206 omitt.
525 3169 551 3206 et
567 3167 629 3208 ante
647 3161 711 3208 irae.
733 3185 763 3196 -
781 3155 855 3213 Fusii.
878 3162 1065 3212 intumescere.
1181 3195 1183 3202 .

133 3243 136 3246 ·
214 3240 243 3273 iu
274 3232 390 3290 utroque
421 3225 484 3274 loco
511 3233 578 3292 optt.
609 3223 695 3274 codd.
721 3227 743 3275 u·
771 3241 821 3292 pro
846 3227 889 3288 lu'‚·
915 3243 966 3299 pro
986 3224 1156 3295 appellebant

160 3293 237 3342 Voss.
260 3307 280 3341 ι.
301 3291 329 3339 Β.
349 3306 374 3342 2.
393 3308 453 3343 cum
472 3291 540 3341 Edu.
560 3301 623 3342 vell.
640 3293 784 3360 pellebant.

215 3358 350 3424 iil'Frsh.
369 3368 463 3424 contra
478 3358 552 3408 Leld.
572 3361 648 3411 voss.
672 3371 693 3414 t.
714 3378 766 3412 tuas
787 3377 859 3415 tillut.

211 3426 248 3492 15)
268 3427 344 3476 Leid.
362 3427 419 3476 Pal.
439 3443 463 3480 1.
483 3425 571 3494 Bong,
594 3445 659 3478 uec
680 3429 709 3478 in
726 3377 854 3496 gradere„
876 3427 950 3496 qtiod
973 3428 1071 3495 probo.
