2688 3872
422 415 466 466 DE
483 414 604 464 GESTlS
620 415 720 465 atnx.
739 418 786 480 lX,
814 434 853 472 a„
1087 440 1132 474 ror

151 557 212 624 lam
233 565 263 624 in
289 586 368 649 aqua
390 563 512 639 classis,
541 584 635 646 quam
657 555 814 624 aedificari
835 565 986 641 iusserat,
1023 566 1170 631 stabatzr

149 645 232 704 luter
252 645 330 707 haec
350 646 497 704 Memnon
518 665 556 704 ex
570 643 704 704 Thracia
722 643 753 703 in
775 644 1135 730 supplementum-equi·

148 737 214 782 tum
236 725 266 787 V
286 726 380 800 milia,
401 735 530 804 praeter
551 743 606 784 eos
628 722 666 782 ab
688 724 828 804 Harpalo
852 723 992 804 peditum
1013 740 1134 807 septem

147 805 231 866 milia
255 801 438 878 adduxerat,
464 823 611 887 armaque
632 804 722 867 XXV
742 803 825 862 milia
847 824 924 865 auro
947 819 979 866 et
1003 821 1134 901 argento

149 887 267 945 caelata
288 885 475 966 pertulerat,
497 885 567 966 quis
590 878 764 944 distributis
786 895 895 944 vetera
917 905 1051 946 cremari
1066 890 1141 959 ‚iuss

147 965 198 1027 sit.
238 967 324 1026 Mille
352 963 482 1046 navigiis
517 965 658 1024 aditurus
692 963 871 1037 Oceanum,
907 965 1168 1062 discordesqneze

148 1057 181 1104 et
200 1049 311 1107 vetera
336 1045 408 1104 odia
430 1055 638 1104 retractantes
659 1046 779 1105 Porum
806 1057 839 1104 et
860 1043 1007 1117 ¹sauilen,
1029 1047 1134 1108 Indiae

147 1143 253 1205 reges,
273 1129 417 1186 'firmatae
440 1143 500 1204 per
522 1122 702 1186 allinitatem
724 1125 842 1206 gratiae
861 1126 1013 1208 relinquit
1026 1125 1055 1184 iu
1071 1128 1134 1187 suis

147 1205 271 1284 regnis,
293 1225 414 1265 summo
443 1205 473 1263 in
506 1202 695 1265 aedificanda
716 1207 814 1266 classe
836 1206 999 1266 amborum
1029 1205 1132 1266 studio

148 1297 232 1342 usus.
254 1283 398 1367 Oppida
421 1303 550 1369 quoque
571 1285 634 1346 duo
656 1283 814 1362 condidit,
842 1307 978 1370 quorum
1000 1285 1168 1348 alterumue

148 1363 294 1425 Nicaeam
316 1365 495 1447 appellavit,
518 1367 651 1426 alterum
672 1365 905 1448 Bucephalam,
925 1367 1018 1451 equi,
1038 1387 1132 1450 quem

148 1443 301 1522 amiserat,
327 1447 499 1506 'memoriae
524 1466 560 1506 ae
588 1448 704 1508 nomini
725 1446 871 1508 dedicans
893 1449 1015 1510 urbem.
1060 1447 1177 1508 Ele-ae.

145 1522 268 1604 phantis
289 1527 402 1587 deinde
425 1538 457 1587 et
479 1519 708 1606 impedimentis
728 1533 815 1588 terra
838 1529 928 1612 sequi
948 1528 1055 1604 iussis,
1084 1544 1133 1588 se·

148 1605 251 1667 cundo
273 1628 361 1668 amne
384 1605 525 1679 defluxit,
546 1605 749 1688 quadraginta
769 1608 871 1668 l'erme
892 1609 988 1668 stadia
1004 1609 1130 1688 singulis

147 1683 257 1746 diebus
278 1687 465 1768 procedens,
486 1696 521 1744 ut
543 1687 728 1766 opportunis
757 1687 835 1748 locis
864 1689 978 1768 exponi
1000 1688 1131 1750 subinde

147 1765 257 1846 copiae
276 1777 416 1848 possent.
563 1769 565 1773 ’

301 1849 494 1906 Perventum
514 1857 583 1906 erat
603 1844 634 1903 in
648 1844 822 1926 regionem,
843 1849 874 1904 in
890 1849 951 1926 qua
965 1844 1171 1927 Hydaspespp

181 1926 190 1944 ⁶
222 1926 317 1986 amnis
338 1925 462 1984 Acesini
484 1924 694 1984 committitur.
730 1921 811 1984 Hinc
839 1925 979 1985 decurrit
998 1927 1029 1985 in
1053 1924 1129 1984 lines
1153 1955 1167 1992 2

147 2005 306 2068 Siborum.
350 2004 393 2064 Hi
413 2004 453 2064 de
475 2005 616 2082 exercitu
636 2005 783 2064 Herculis
811 2005 944 2064 maiores
966 2023 1039 2065 suos
1061 2027 1130 2066 esse

147 2097 340 2162 memorant:
362 2105 473 2166 aegros
495 2086 624 2145 relictos
647 2105 725 2160 esse,
747 2085 868 2164 cepisse
890 2085 1015 2155 sedem,
1037 2107 1129 2168 quam

145 2165 204 2246 ipsi
227 2165 416 2244 obtinebant.
463 2167 569 2226 Pelles
591 2165 732 2225 ferarum
750 2186 812 2305 pro
837 2177 934 2241 veste,
956 2165 1061 2228 clavae
1083 2178 1129 2226 te*
1153 2191 1167 2236 3

144 2246 174 2306 la
191 2259 302 2323 'ertant3
332 2249 507 2330 multaque,
530 2245 623 2306 etiam
645 2264 717 2306 cum
779 2249 862 2306 raeci
890 2266 994 2308 mores
1023 2247 1130 2309 exsto*

114 2353 117 2358 ¹
144 2325 271 2396 vissent,
294 2327 398 2408 stirpis
426 2327 633 2388 ostendebant
654 2327 735 2388 vesti
760 2327 795 2386 ‘a
824 2327 905 2387 Hinc
927 2327 1129 2388 exscensione
1151 2353 1164 2394 t

145 2404 239 2481 facta,
264 2408 315 2468 CC
338 2420 371 2468 et
384 2411 410 2466 lt
428 2409 525 2468 stadia
540 2407 706 2488 processit,
751 2409 1003 2490 epopulatusque
1023 2409 1128 2489 regio-

81 2513 83 2518 ⁴
143 2501 226 2563 nem,
250 2487 411 2567 oppidum,
434 2499 528 2571 caput
551 2489 627 2556 eius,
649 2506 766 2550 corona
787 2490 880 2569 cepit.
913 2490 969 2546 XL
986 2489 1163 2569 peditum5

144 2565 228 2624 milia
249 2587 325 2648 gens
347 2569 377 2628 in
398 2569 467 2648 ripa
495 2568 657 2632 lluminum
685 2579 897 2648 opposuerat:
928 2587 1009 2647 quae
1038 2585 1127 2626 amne

146 2657 295 2724 superato
317 2647 348 2706 in
368 2647 477 2728 fugam
492 2642 653 2729 compulit,
674 2647 874 2728 inclusosque
888 2641 1053 2723 moenibus
1075 2667 1127 2724 ex7

138 1901 179 1942 JV

146 2797 341 2812 —n-———

194 2889 238 2958 92)
257 2883 443 2941 F'rsb.·centra
461 2893 540 2956 Bong.
557 2897 597 2948 ΡΙ,
616 2893 692 2943 Leid.
714 2895 811 2944 omisso
831 2905 881 2962 que
906 2897 997 2946 euclit.
1016 2893 1123 2945 discor·
1165 2885 1172 2895 ⁵
1218 2912 1223 2924 ·

145 2953 201 3007 des.
219 2985 249 2996 --
271 2958 466 3028 idemfirmntu
482 2979 529 3026 per
548 2961 706 3028 rffnitatem
726 2965 823 3028 gratia
843 2971 933 3012 contra
953 2965 1123 3032 optt.=Codd,

193 3033 226 3082 23
258 3029 286 3076 P.
303 3030 444 3078 memoriae
462 3028 512 3077 boc
533 3034 644 3081 nomine.

166 3109 169 3116 ¹
213 3025 239 3162 ²i
260 3093 336 3146 Frsh.
358 3108 575 3148 commemorant.
610 3127 642 3138 -
673 3100 703 3153 Β.
726 3105 749 3153 1.
768 3101 846 3150 Voss.
871 3117 891 3149 t.
909 3103 994 3168 rulgg‚
1015 3105 1123 3155 relictos

147 3179 181 3212 se
199 3179 250 3232 pro
268 3179 331 3212 esse.
369 3225 370 3228 Ἴ
905 3220 912 3241 Ι

209 3231 235 3300 3)
261 3231 336 3281 Frsb.
365 3239 459 3296 contra
484 3243 550 3300 optt.
583 3233 671 3286 Codd,
698 3235 790 3284 clavae
821 3252 884 3301 pro
912 3239 1001 3302 telo:
1033 3242 1120 3298 Codd.

144 3297 260 3350 Tbeoer.
300 3317 331 3350 ro
353 3301 433 3350 armis
452 3301 529 3351 clava
546 3314 614 3357 erut,
846 3325 847 3330 ¹
940 3345 943 3352 ,
1064 3343 1068 3352 ,

210 3371 239 3426 lt]
257 3317 327 3418 tdim
339 3368 413 3418 Frsb.
426 3369 524 3437 lu'epro
536 3372 607 3437 binc,
628 3379 654 3422 et
670 3373 760 3422 inserit
782 3374 850 3422 inter
862 3376 934 3425 milia
952 3384 978 3425 et
987 3391 1052 3441 gens
1063 3377 1120 3428 voe.

144 3433 237 3490 alim·
254 3434 352 3486 deinde
370 3440 464 3488 contra
483 3444 550 3506 opti.
569 3440 654 3495 Codd.
681 3457 783 3510 quum
810 3459 884 3493 amne
908 3463 967 3512 sup.
1004 3473 1036 3482 —
1070 3461 1119 3512 pro

143 3505 278 3568 processit
301 3503 388 3560 Codd,
411 3511 531 3565 excessit,
938 3549 940 3552 -

903 3604 948 3661 9*
