2686 3876
289 460 294 470 1
352 477 356 490 1
412 396 456 448 cs
475 391 598 450 ocsus
620 395 722 450 snex.
742 395 801 466 vu,
822 399 863 450 16.
1103 407 1156 458 ro·

124 546 320 628 ‘Praecipue
333 549 462 623 Bessus,
471 543 566 608 l'erox
576 543 694 621 verbis,
704 553 736 606 et
765 547 1132 630 artopersoelusragno
1156 555 1171 602 s

120 627 308 710 ¹superbus,
332 646 367 687 uc
390 627 442 688 rix
486 637 576 688 olens
595 626 728 700 mentis,
742 567 853 692 dicere
872 627 1008 704 orditur,
1023 645 1133 690 socor-

132 708 188 768 dia
207 707 298 768 Darii
313 708 455 768 crevisse
494 705 610 768 ostium
628 705 754 766 famam.
787 706 977 768 Occurrisse
1002 708 1084 768 enim
1101 709 1170 772 ius

132 785 266 851 Ciliciae
281 786 508 868 angustissimis
525 785 683 855 faucibus,
705 801 779 846 cum
799 787 1034 852 retrocedendo
1057 805 1132 872 pos·

131 879 187 930 set
207 866 387 962 perducere
410 866 552 927 incautos
573 866 604 926 in
625 867 697 926 loca
717 877 848 926 naturas
872 868 935 927 situ
954 867 1054 947 invio,
1080 881 1131 932 tot

131 946 318 1010 llummibus
340 945 494 1023 obiectis,
522 957 573 1006 tot
593 946 747 1008 montium
768 945 918 1021 latebris,
944 945 1027 1009 inter
1054 969 1131 1033 quus

133 1027 358 1111 deprehensus
379 1025 491 1101 bostis,
513 1045 552 1086 ne
572 1024 668 1108 fugae
690 1027 830 1110 quidem,
851 1027 968 1087 nedum
982 1029 1131 1091 resisten-

117 1108 180 1181 di,
201 1107 403 1170 occasionem
424 1105 523 1166 tuerit
544 1105 718 1172 habiturus.
761 1104 828 1168 Sibi
850 1107 977 1190 placere
997 1106 1029 1167 in
1050 1109 1130 1194 Sog-
1156 1129 1170 1175 s

135 1188 244 1249 dianes
269 1185 438 1262 recedere,
455 1186 560 1248 Oxum
581 1207 704 1248 amnem
729 1189 818 1250 velut
839 1207 965 1249 murum
987 1185 1129 1250 obiectu·

119 1287 208 1330 ¹rum
234 1265 340 1341 hosti,
369 1265 444 1326 dum
470 1287 509 1328 ex
536 1265 673 1328 finitimis
701 1268 849 1351 gentibus
881 1265 985 1330 valida
1018 1269 1132 1330 auxilie

121 1359 382 1409 concurrerent.
427 1347 589 1411 Venturos
613 1360 719 1420 autem
743 1349 946 1413 Chorasmios
971 1357 1004 1410 et
1026 1347 1169 1416 Dahass

121 1427 297 1512 *Sacasque
324 1438 358 1488 et
385 1428 478 1490 Indos
505 1441 539 1489 et
564 1429 648 1489 ultra
678 1429 807 1490 'sensim
837 1447 960 1490 amnem
988 1429 1131 1492 colentes

137 1507 279 1588 Scythas,
300 1527 438 1593 quorum
458 1508 616 1569 neminem
639 1509 721 1570 adeo
742 1508 893 1570 humilem
915 1528 996 1583 esse,
1015 1517 1053 1570 ut
1072 1508 1131 1571 hu·

123 1589 218 1650 ‘meri
238 1589 306 1650 eius
329 1601 392 1651 non
413 1599 544 1670 possent
569 1589 752 1651 Macedonis
772 1590 878 1650 militis
904 1589 1058 1652 verticem
1078 1605 1130 1652 se·

120 1687 248 1753 'quare
284 1669 489 1742 Conclamant
516 1668 702 1745 temulenti,
727 1688 819 1730 unam
840 1668 919 1730 hanc
943 1669 1129 1734 sententiam
1149 1683 1166 1731 7

135 1747 297 1810 salubrem
322 1765 411 1809 esse:
435 1758 468 1808 et
490 1751 608 1808 Bessus
637 1749 838 1810 circumferri
860 1767 984 1810 merum
1010 1749 1129 1833 largius

135 1827 235 1897 iubet,
259 1827 479 1890 debellaturus
500 1845 596 1905 super
616 1847 755 1888 mensam
777 1827 1002 1894 Alexandrum.

110 1927 115 1939 “
215 1907 295 1965 Erat
317 1906 350 1964 in
372 1925 412 1965 eo
437 1903 585 1966 convivio
606 1905 759 1984 Gobares,
779 1907 906 1969 natione
925 1905 1049 1984 Medus,
1071 1909 1176 1978 ssd16'

137 1986 281 2046 maricae
293 1984 379 2045 ¹antis
400 1984 442 2065 (si
461 1981 558 2044 modo
579 2006 630 2046 ers
651 1993 710 2063 est,
727 2006 790 2048 non
804 1985 963 2049 vanissimi
976 1986 1129 2071 cuiusque

121 2031 327 2137 ludibrium)
349 2065 449 2148 magis
478 2062 682 2148 professione
713 2087 808 2151 quam
835 2066 962 2128 seientia
990 2066 1129 2146 celeber,

135 2145 257 2230 alioqui
276 2145 459 2207 moderatus
481 2155 514 2206 et
533 2145 666 2226 probus.
707 2150 736 2209 ls
758 2169 830 2210 cum
849 2145 1012 2232 praelatus
1032 2159 1128 2228 esset,
1152 2157 1168 2204 s

135 2227 218 2288 scire
238 2243 333 2288 servo
354 2226 463 2288 utilius
483 2245 553 2286 esse
567 2247 682 2312 parere
696 2228 783 2291 dicto
801 2247 895 2314 quom
913 2227 1033 2290 ollerre
1054 2248 1128 2292 cou-

120 2308 250 2384 siliom,
273 2307 444 2384 camillos,
510 2305 682 2388 ‘purcant²
701 2308 786 2390 idem
807 2309 895 2406 quod
916 2319 1043 2371 ceteros
1063 2327 1127 2372 ms·
1203 2310 1208 2314 ’

52 2391 55 2400 “
132 2399 217 2467 nost,
238 2387 292 2472 qui
315 2407 392 2450 vero
412 2406 467 2450 sua
491 2401 574 2469 eant,
587 2391 753 2473 proprium
771 2391 831 2453 sibi
851 2389 1047 2474 periculum:
1069 2409 1126 2472 po·

120 2595 316 2614 sm...-

201 2720 227 2785 3)
247 2720 321 2772 Frsh.
341 2727 427 2774 omitt.
448 2724 566 2776 orditur.

203 2785 230 2854 4)
247 2790 282 2839 al.
304 2801 406 2842 nutum
425 2803 458 2840 ct
474 2795 532 2845 situ
550 2795 634 2846 t'nvia.
704 2809 707 2818 ’

203 2855 231 2922 5)
249 2857 325 2913 laeid,
346 2865 446 2928 transp.
462 2863 569 2930 placere
585 2861 646 2910 sibi.

203 2929 230 2988 7)
248 2923 327 2973 Voss.
349 2932 372 2979 1.
390 2933 490 2996 transp.
511 2927 648 2978 salubrem
667 2922 827 2976 sententiam
846 2942 927 2976 tenram
947 2927 1025 2982 bone.
1044 2955 1076 2970 ‹-
1094 2929 1123 2988 Ρ,

133 2989 173 3042 Fl.
192 2989 370 3044 debellatoris
391 3020 424 3032 -·
459 2997 537 3062 vulgo
556 3014 639 3063 super
655 3010 768 3055 maman·
791 2994 827 3046 ol.
853 2993 928 3052 cort.
957 2997 1123 3065 v1,11‚27.

133 3061 206 3126 Vlll,
226 3067 268 3124 12,
289 3069 329 3126 17.
347 3062 444 3112 florus
459 3063 508 3128 tv,
527 3078 552 3117 α.
570 3064 614 3120 69.
631 3065 667 3116 ol.
686 3071 713 3114 et
731 3061 848 3114 Theoor·
873 3079 957 3134 supra
974 3083 1098 3124 mensam.

198 3127 227 3197 9)
247 3129 325 3180 Voss.
340 3135 366 3186 2.
386 3129 467 3180 Frob.
485 3132 556 3182 scire
575 3147 628 3199 s03
645 3129 722 3184 Frsb.
746 3132 832 3186 omitt.
858 3149 914 3183 esse
958 3144 999 3186 ost
1020 3138 1123 3198 utt'lim,

133 3209 161 3250 et
177 3197 232 3248 sibi
248 3206 310 3267 post
325 3198 480 3316 erasmum.
515 3225 548 3237 -
577 3200 649 3252 idem
666 3198 794 3268 poculum
821 3202 867 3262 εἰς
886 3203 913 3252 in
932 3152 1020 3257 godd.
1038 3205 1123 3272 qbdd.

132 3269 203 3318 inter
220 3284 258 3317 vv.
277 3284 370 3336 per-tou
383 3269 568 3337 arm-poculum
586 3271 682 3322 lomna
704 3275 743 3321 est
767 3277 794 3320 et
821 3267 923 3339 aliquid
940 3272 1068 3324 excidisse
1085 3273 1123 3322 ri-

131 3335 221 3398 detur,
238 3334 317 3400 unde,
328 3336 451 3405 quidam,
478 3336 622 3406 inquibus
641 3335 847 3403 burencourt,
876 3355 975 3392 nomen
989 3340 1071 3391 Bessi
1083 3340 1124 3393 i!-

133 3411 233 3459 serunt.

861 3499 909 3556 2*
