2686 3876
346 327 348 334 ’
442 355 487 408 un
506 339 630 410 oneris
649 357 749 436 lisa.
766 356 827 422 vu,
845 358 887 428 41.
1122 361 1156 428 4,

162 517 279 586 puteos
301 505 391 566 miles
412 523 473 566 coe
517 516 567 565 rat
587 503 714 566 fodere.
761 505 828 564 Nec
848 516 953 568 tamen
972 507 1070 570 burno
1093 511 1155 570 alte

161 597 271 668 egesta
293 585 463 646 exsistebat
494 606 618 662 tumor3
637 605 709 644 oum
730 585 761 644 in
785 583 855 664 ipso
880 585 1083 650 tabernaculo
1104 612 1155 651 re·

162 669 209 748 gis
231 677 421 748 conspectus
445 677 493 724 est
516 665 597 734 fons,
620 685 716 748 quom
737 663 810 748 quia
838 667 929 726 tarde
955 680 1154 739 notaverant,

161 747 268 810 subito
289 745 445 808 exstitisse
469 743 639 808 linxerunt.
678 747 815 827 Resque
842 743 910 825 ipse
932 749 1020 809 credi
1040 749 1154 824 voluit,

161 829 296 898 deorum
317 827 435 887 donum
458 825 491 886 id
522 825 632 889 i'uissc.
673 822 838 908 Superatis
871 825 985 888 deinde
1013 829 1193 898 amnibusss

162 907 255 980 Ocho
285 919 319 966 et
340 905 430 976 Oxo,
459 902 499 965 ad
528 904 645 986 ‚urbem
667 904 849 988 Marginiem
871 907 1026 984 pervenit.
1062 911 1154 972 Circa

161 1010 230 1050 eam
254 987 297 1047 Vl
325 985 451 1066 oppidis
476 983 647 1048 condendis
677 985 779 1048 electa
808 981 901 1044 sedes
930 997 996 1048 est:
1024 987 1087 1050 duo
1115 987 1155 1052 ad

159 1067 329 1128 Meridiem
348 1070 457 1140 verse,
479 1077 616 1147 quatuor
636 1065 809 1147 spectantia
827 1061 1002 1139 Orientem,
1022 1069 1154 1130 modicis

158 1149 243 1210 inter
265 1168 299 1208 se
321 1145 428 1226 spatiis
451 1144 617 1221 distabant,
641 1167 680 1208 ne
704 1145 817 1240 procul
838 1144 1050 1230 repetendum
1072 1161 1155 1210 esset

157 1227 314 1290 mutuum*
328 1226 484 1286 auxilium.
519 1229 608 1286 Haec
629 1246 731 1287 omnia
753 1225 811 1286 sita
832 1226 956 1286 suntin
977 1225 1069 1286 editis
1091 1229 1186 1295 col-1⁶

158 1307 252 1386 libus,
273 1318 341 1366 tum
364 1305 451 1366 velut
470 1305 554 1366 l'reni
575 1306 764 1368 domitarum
784 1309 940 1402 gentium,
978 1327 1061 1368 nunc
1091 1309 1154 1370 ori·

160 1387 241 1470 ginis
262 1407 337 1448 suae
357 1385 454 1447 oblita
476 1387 628 1456 serviunt,
651 1387 765 1471 quibus
787 1399 1034 1467 imperaverunt.

311 1469 355 1528 Et
372 1480 478 1528 cetera
497 1467 625 1550 quidem
640 1479 811 1549 pacaverat
826 1488 892 1527 rex.
906 1467 982 1526 Una
1006 1480 1075 1529 erat
1139 1463 1192 1534 dt

159 1541 203 1580 ¹¹·
232 1560 292 1623 tra,
313 1549 591 1631 quam.Arimazes
613 1547 789 1629 Sogdianus
814 1567 886 1608 cum
907 1549 996 1610 XXX
1026 1489 1152 1610 mittitis

62 1663 66 1674 «
157 1641 351 1690 armatorum
377 1627 558 1700 obtinebat,
588 1626 741 1687 alimentis
771 1640 841 1688 ante
863 1629 1038 1708 congestis,
1070 1651 1153 1713 qnae

155 1719 261 1770 tantae
281 1707 473 1782 multitudini
493 1708 543 1766 vel
561 1726 620 1786 per
633 1707 794 1768 biennium
811 1720 1027 1787 suppeterent.
1053 1711 1152 1774 Petra
1176 1719 1193 1762 ²

156 1787 404 1848 multitudinem
424 1787 514 1846 XXX
542 1785 659 1846 eminet
692 1786 808 1862 stadia,
839 1786 975 1847 circuitu
1007 1791 1032 1849 C
1062 1801 1095 1849 et
1120 1793 1151 1852 L

159 1855 395 1947 complectitur.
436 1864 583 1946 Undique
605 1863 723 1924 abscisa
750 1877 784 1924 et
809 1864 941 1944 abrupta
966 1867 1075 1927 semita
1096 1889 1153 1950 po·

157 1959 308 2027 rangusta
329 1945 447 2006 aditur·
469 1946 504 2004 ln
524 1943 629 2018 medio
651 1943 820 2005 altitudinis
842 1945 947 2026 spatio,
964 1943 1060 2006 babet
1081 1967 1151 2030 spe·
1176 1969 1192 2015 a

159 2045 243 2096 curn,
259 2025 346 2106 cuius
362 2046 396 2087 os
412 2035 514 2086 artum
531 2036 564 2084 ot
587 2022 757 2084 obscurum
780 2037 842 2103 est;
867 2025 1015 2107 paulatim
1038 2011 1152 2088 deindo

126 2176 133 2186 ¹
158 2105 313 2168 ulteriora
341 2106 537 2188 panduntur-3
570 2105 679 2166 ultima
707 2105 801 2166 etiain
829 2105 908 2168 altos
931 2125 1075 2168 recessus
1099 2108 1167 2170 ba·.

155 2183 241 2251 bont.
265 2189 382 2249 Fontes
403 2207 464 2268 por
483 2197 586 2247 totum
606 2186 678 2248 fere
694 2187 828 2267 spatium
843 2198 976 2260 manant,
997 2207 1015 2250 e
1037 2188 1151 2274 quibus
1207 2219 1211 2230 =

157 2268 291 2328 collatae
309 2289 408 2352 aquae
424 2287 484 2348 per
499 2288 601 2349 prona
616 2268 729 2328 montis
751 2265 869 2328 llumen
891 2277 1048 2332 emittunt.
1070 2269 1150 2344 Rex,
1175 2288 1191 2331 t

155 2346 220 2408 loci
242 2345 429 2410 dil'ficultate
451 2359 603 2430 spectata,
625 2360 778 2410 statuerat
797 2348 870 2410 inde
893 2348 1000 2422 abire,
1020 2350 1169 2433 cupido·

157 2427 272 2490 deinde
308 2429 437 2490 incessit
474 2429 595 2502 auinao,
637 2429 779 2490 naturam
816 2449 947 2524 quoque
984 2428 1147 2511 fatigandi.

155 2507 249 2568 Prius
275 2521 380 2570 tamen
410 2531 501 2592 quam
534 2508 695 2570 fortunam
729 2507 902 2571 obsidionis
932 2511 1148 2590 experiretur,
1173 2531 1187 2575 s

156 2588 289 2679 Cophen
311 2589 477 2654 (Artabazi
504 2587 555 2648 hio
589 2589 673 2650 filius
703 2587 786 2668 erat)
816 2589 899 2650 misit
926 2587 965 2648 ad
984 2587 1147 2665 barbaros,

158 2685 213 2745 qm
234 2670 339 2730 suade
350 2681 394 2748 et,
416 2681 452 2730 ut
472 2667 629 2730 dederent
649 2689 772 2756 rupem.
804 2669 969 2730 Arimazes
990 2665 1063 2728 loco
1085 2667 1150 2729 l're·
1195 2669 1197 2676 '

166 2809 350 2836 lna—...-

213 2899 255 2967 14)
274 2895 352 2956 Voss.
373 2923 397 2958 2.
413 2914 513 2975 transp.
530 2914 629 2977 puteos
648 2905 750 2976 itaque.
765 2933 804 2948 -·
835 2907 868 2958 ul.
885 2904 972 2960 subito
991 2911 1104 2964 exivisse
1122 2921 1149 2966 et

158 2971 255 3021 exisse.
273 2999 304 3014 ε-
322 2975 398 3024 Frsh.
417 2973 516 3025 dorsum
535 2976 626 3026 ded-
648 2975 767 3023 nibilvos
779 2978 1056 3044 moveatoptt.Codd.
1068 2982 1148 3038 etium

157 3039 207 3090 Th.
227 3041 309 3093 lectio
332 3041 434 3092 studiis
457 3060 506 3110 pro
525 3043 624 3104 spatiis
632 3059 643 3102 ,¹
661 3044 741 3092 etiarn
765 3045 828 3091 alias
847 3043 911 3096 haec
930 3048 1060 3102 vocabula
1079 3067 1146 3106 con·

157 3107 322 3176 funduntur;
349 3113 384 3164 cl.
402 3111 461 3163 Liv.
476 3110 561 3171 XXV,
578 3111 621 3175 38,
642 3125 663 3163 r.
683 3106 774 3171 ibique
792 3111 879 3182 interp
902 3149 909 3162 .
1043 3107 1045 3112 ’

160 3197 162 3200 ·
224 3184 252 3234 al
271 3180 348 3234 Voss.
366 3197 390 3231 2.
415 3181 445 3231 in
466 3176 619 3246 altitudine,
639 3184 666 3230 et
683 3177 821 3231 eminebat.
836 3129 952 3240 -irsb
966 3183 1095 3252 abscissa,
1113 3183 1149 3242 do

156 3261 210 3312 quo
231 3249 333 3313 pluries·
350 3251 401 3300 iatn
424 3247 524 3300 monui.
667 3254 673 3268 ¹
755 3297 762 3304 .
1141 3280 1144 3288 ·

223 3315 251 3378 3)
270 3317 346 3368 Voss.
363 3335 389 3371 a.
410 3320 441 3370 D.
459 3317 525 3371 Mer.
544 3313 592 3366 ad
608 3314 753 3380 ulteiu'oru3
777 3313 875 3371 deinde
894 3317 962 3374 idem
981 3319 1058 3373 Voss.
1076 3325 1102 3377 2.
1117 3321 1147 3377 P.

156 3379 244 3435 babet.
267 3413 300 3424 -·
317 3385 391 3437 Frsb.
412 3395 506 3449 contra
526 3393 592 3455 optt.
613 3384 701 3438 Codd.
719 3400 778 3455 pso¹
796 3389 914 3456 aputeum
930 3387 1013 3444 habet
1032 3405 1147 3464 speum.

224 3449 252 3514 ,il
272 3453 326 3502 Pal.
345 3473 362 3505 r.
383 3457 467 3510 omitt.
489 3458 587 3511 altimo.

189 3540 303 3593 Curtius.
320 3544 367 3594 111.
727 3557 730 3562 ·
919 3531 924 3540 '
971 3547 989 3605 a
1052 3547 1057 3558 “
