2688 3872
471 368 519 422 DE
534 367 656 422 ersus
674 367 783 422 etex,
794 368 829 420 x.
846 370 887 422 31.
1116 375 1162 427 197

166 515 261 584 nibus
283 507 473 599 expeditius·
497 515 665 586 videbatur
687 533 807 598 augere
826 535 942 600 regna,
970 537 1065 602 qnam
1088 515 1165 578 fuis-

163 608 217 660 set
236 597 394 678 arripere.
952 649 954 656 ,
1003 620 1006 628 ’

248 677 407 760 Septimus
436 677 503 740 dies
524 687 610 752 arnt,
634 691 678 738 'ex
698 697 764 760 quo
792 673 910 758 eorpus
936 696 974 738 re
996 677 1022 737 is
1041 675 1201 748 iacebatlt

166 759 200 822 in
220 757 319 835 solio,
346 759 432 820 euris
463 759 601 822 omnium
622 756 662 818 ad
686 755 888 822 formandum
935 697 1075 818 ablicum
1104 768 1164 819 sta-

166 850 235 898 tum
263 859 281 898 a
309 850 375 900 tam
402 838 551 900 sollemni
574 857 705 904 munere
740 836 883 899 aversis
952 849 975 898 t.
998 858 1061 898 non
1096 837 1200 907 aliisi·

167 937 261 1001 quam
286 919 534 1002 Mesopotamiae
560 938 597 978 re
620 915 693 983 ione
714 916 874 980 fervidior.
902 927 1007 978 aestus
1029 919 1161 992 exsistit,

167 997 249 1058 adeo
269 1011 306 1060 ut
324 1001 479 1084 pleraque
502 939 660 1075 animalia,
688 1019 770 1083 quae
795 999 829 1058 in
848 997 934 1060 nudo
956 997 1029 1062 solo,
1051 999 1163 1081 depre-

36 1115 37 1142 ;
109 1124 110 1130 1
167 1077 288 1154 itendit,
310 1083 487 1164 exstinguat
494 1097 508 1154 3-
523 1089 692 1144 tantusest
708 1099 813 1160 *vapor
833 1078 908 1140 solia
928 1087 961 1140 et
984 1077 1076 1148 coeli,
1097 1101 1162 1162 quo

168 1169 282 1218 cuneta
306 1161 394 1221 velut
420 1163 493 1243 igne
514 1169 687 1222 torrentur.
728 1159 848 1221 Fontes
870 1177 1023 1242 aquarum
1045 1167 1078 1218 ot
1098 1163 1200 1236 rarirr

166 1250 250 1314 sunt,
275 1251 307 1300 et
326 1241 532 1302 incolentium
552 1238 668 1299 fraude
689 1239 848 1316 celantur3
869 1238 945 1321 ipsis
966 1259 1040 1298 usus
1062 1249 1160 1322 patet,

123 1392 125 1396 Ι
165 1317 292 1400 ignotus
320 1333 369 1382 est
390 1321 529 1381 advenis.
568 1320 612 1383 Ut
631 1319 758 1380 tandem
785 1339 898 1380 curare
919 1339 1035 1400 corpus
1057 1321 1195 1387 exani-12

165 1419 253 1478 mum
279 1401 385 1466 amicis
412 1401 552 1478 vacavit,
574 1399 660 1462 nulla
686 1399 780 1477 tabe,
805 1419 846 1462 ne
876 1399 1004 1460 minimo
1029 1401 1158 1483 quidem

166 1479 271 1541 livore
292 1493 480 1562 corruptum
507 1479 616 1542 videre
637 1480 692 1563 qui
713 1478 919 1544 intraverant.
959 1479 1061 1564 Vigor
1081 1499 1163 1564 quo·¹

136 1565 138 1569 ’
166 1579 250 1642 que,
284 1561 340 1644 qui
366 1568 488 1622 constat
510 1581 550 1622 ex
570 1561 701 1642 spiritu,
732 1581 797 1622 non
817 1560 1005 1621 destituerat
1025 1561 1158 1621 vultum.

163 1643 276 1723 ltaque
303 1641 453 1723 Aegyptii
481 1639 711 1724 Chaldaeique,
740 1640 816 1700 iussi
837 1659 955 1721 eorpus
984 1661 1042 1700 suo
1070 1661 1195 1710 morere

163 1739 295 1795 curare,
322 1723 426 1802 primo
446 1740 509 1782 non
540 1731 612 1782 sunt
641 1721 708 1781 ausi
728 1721 900 1782 admovere
922 1717 1010 1781 velut
1030 1721 1159 1801 spiranti

162 1821 281 1860 manus:
302 1800 417 1863 deinde
440 1802 580 1883 precati,
603 1811 640 1862 ut
667 1801 716 1862 ius
735 1799 856 1884 fasque
870 1811 956 1860 esset
972 1799 1174 1860 mortalibusv

164 1891 335 1942 attrectare
365 1901 544 1963 eum,1pur
566 1901 661 1942 avere
690 1899 807 1962 eorpus
814 1898 824 1957 3
855 1880 1081 1973 repletumque
1110 1891 1160 1941 est
1229 1877 1232 1886 '

164 1959 319 2021 odoribus
351 1981 482 2023 aureum
511 1903 641 2037 solium,
673 1973 706 2021 et
737 1957 832 2040 capiti
859 1959 981 2020 adiecta
1008 1959 1157 2020 fortunae

163 2039 237 2100 eius
253 2040 392 2122 insignia.
433 2043 566 2113 Veneno
594 2049 740 2102 necatum
768 2059 838 2100 esse
866 2036 1033 2100 credidere
1062 2039 1216 2121 pleri-m

165 2140 245 2202 que3
272 2119 371 2181 filium
394 2120 552 2202 Antipatri
580 2120 664 2182 inter
686 2116 861 2194 ministrem
889 2116 997 2180 Iollam
1019 2120 1155 2194 nomine,

187 2199 261 2260 atris
296 2200 385 2261 iussu
420 2201 555 2262 dedisse.
597 2199 699 2282 Saepe
731 2207 821 2262 certe
855 2198 961 2276 audita
998 2212 1066 2260 erat
1093 2221 1156 2262 vox

40 2351 41 2359 ἵ
74 2343 77 2359 ,
162 2221 355 2357 Alexandri,
391 2282 593 2363 Antipatrum
627 2281 750 2363 regium
791 2277 945 2342 affectare
985 2277 1156 2362 fastigium,

40 2366 43 2375 “
163 2359 379 2444 maioremque
403 2381 473 2422 esse
493 2361 652 2444 praefecti
675 2360 808 2455 opibus,
841 2380 877 2422 ac
909 2359 1003 2421 titulo
1032 2359 1157 2441 Sparta·
1223 2415 1225 2418 ,

39 2458 42 2467 ·
162 2460 220 2499 nae
249 2439 401 2503 victoriae
428 2439 588 2514 inflatum,
621 2461 724 2502 omnia
751 2461 768 2500 a
796 2463 831 2504 se
860 2437 932 2500 data
965 2451 1156 2501 asserentem

162 2517 230 2578 sibi.
250 2519 430 2582 Credebant
451 2521 554 2595 etiam,
575 2521 740 2582 Craterum
763 2540 835 2581 eum
856 2530 1000 2579 veterum
1021 2519 1195 2581 militumto

58 2671 60 2676 ¹
161 2619 254 2659 manu
274 2599 312 2660 ad
340 2599 589 2662 interficiendum
611 2620 684 2659 eum
706 2599 846 2660 missum.
889 2599 960 2661 Vim
980 2609 1084 2660 autem
1107 2613 1193 2662 ve-te·

40 2688 42 2697 '
163 2679 245 2753 neni,
267 2677 354 2762 quod
375 2682 406 2740 in
427 2679 610 2740 Macedonia
633 2678 789 2761 gignitur,
814 2678 999 2739 talemense
1024 2691 1154 2754 constat,

163 2769 197 2817 ut
217 2757 340 2820 ferrum
362 2780 489 2844 quoque
511 2769 639 2834 exurat,
674 2747 822 2840 ungdlam
842 2757 971 2818 iumenti
993 2757 1154 2822 dumtaxat
1191 2798 1193 2804 ·

162 2837 332 2920 patientem
365 2861 435 2900 esse
464 2839 559 2902 succi.
602 2839 731 2921 Stygem
765 2838 924 2921 appellant
948 2837 1087 2912 sontem,
1115 2851 1193 2900 exit

40 2915 43 2963 ἶ
108 2947 114 2955 ν
163 2938 227 3000 quo
257 2917 443 2999 pestiferum
470 2919 557 2981 virus
586 2931 717 2981 emanat.
756 2921 828 2981 Hoc
855 2938 915 2999 per
946 2919 1152 2980 Cassandrum

163 2997 299 3067 allatum,
320 2999 535 3082 traditumque
557 2998 651 3060 fratri
672 2999 786 3076 Iollae,
808 3007 840 3060 et
864 2998 901 3058 ab
924 3017 962 3058 eo
985 3017 1152 3080 supremae

168 3195 324 3210 m

217 3333 264 3394 16)
283 3327 358 3378 Frsh.
376 3329 492 3395 ungulae
509 3326 625 3380 iumenti
642 3327 787 3380 dumtaxat
804 3332 914 3400 potiens
933 3333 1025 3382 contra
1042 3332 1149 3398 vestigia

168 3405 238 3465 optt.
265 3395 369 3460 Codd.;
399 3399 516 3466 Zumpt„
529 3405 634 3449 secutus
651 3407 700 3450 est.
716 3399 884 3468 Leopardum
903 3397 976 3454 Mire.
996 3395 1042 3462 lV,
1056 3403 1081 3454 8.

667 3583 671 3612 l
