<?xml version="1.0" encoding="UTF-8"?>
<!DOCTYPE html PUBLIC "-//W3C//DTD XHTML 1.0 Transitional//EN"
    "http://www.w3.org/TR/xhtml1/DTD/xhtml1-transitional.dtd">
<html xmlns="http://www.w3.org/1999/xhtml" xml:lang="en" lang="en">
 <head>
  <title>
</title>
<meta http-equiv="Content-Type" content="text/html;charset=utf-8" />
  <meta name='ocr-system' content='tesseract 3.04.00' />
  <meta name='ocr-capabilities' content='ocr_page ocr_carea ocr_par ocr_line ocrx_word'/>
</head>
<body>
  <div class='ocr_page' id='page_1' title='image "./degestisalexand00baumgoog_0070.png"; bbox 0 0 2686 3876; ppageno 0'>
   <div class='ocr_carea' id='block_1_1' title="bbox 209 360 962 456">
    <p class='ocr_par' dir='ltr' id='par_1_1' title="bbox 209 360 962 456">
     <span class='ocr_line' id='line_1_1' title="bbox 209 360 962 456; baseline -0.005 -14"><span class='ocrx_word' id='word_1_1' title='bbox 209 389 243 442; x_wconf 82' lang='lat' dir='ltr'><strong>ee</strong></span> <span class='ocrx_word' id='word_1_2' title='bbox 572 387 608 456; x_wconf 80' lang='lat' dir='ltr'><strong>o.</strong></span> <span class='ocrx_word' id='word_1_3' title='bbox 626 360 741 450; x_wconf 78' lang='lat' dir='ltr'><strong>¹cuttu</strong></span> <span class='ocrx_word' id='word_1_4' title='bbox 760 387 837 440; x_wconf 77' lang='lat' dir='ltr'><strong>nuri</strong></span> <span class='ocrx_word' id='word_1_5' title='bbox 876 388 879 393; x_wconf 92' lang='lat'>·</span> <span class='ocrx_word' id='word_1_6' title='bbox 960 447 962 452; x_wconf 53' lang='grc'>,</span> 
     </span>
    </p>
   </div>
   <div class='ocr_carea' id='block_1_2' title="bbox 115 527 1256 2150">
    <p class='ocr_par' dir='ltr' id='par_1_2' title="bbox 172 527 1223 1009">
     <span class='ocr_line' id='line_1_2' title="bbox 207 527 1196 621; baseline -0.004 -19"><span class='ocrx_word' id='word_1_7' title='bbox 207 531 436 602; x_wconf 80' lang='lat' dir='ltr'><strong>etiam&#39;eerum</strong></span> <span class='ocrx_word' id='word_1_8' title='bbox 457 527 609 613; x_wconf 76' lang='lat' dir='ltr'><strong>auribus,</strong></span> <span class='ocrx_word' id='word_1_9' title='bbox 637 537 692 621; x_wconf 89' lang='lat' dir='ltr'><strong>qul</strong></span> <span class='ocrx_word' id='word_1_10' title='bbox 721 535 895 600; x_wconf 81' lang='lat' dir='ltr'><strong>sentiebant</strong></span> <span class='ocrx_word' id='word_1_11' title='bbox 914 534 1196 616; x_wconf 65' lang='lat' dir='ltr'><strong>vers&#39;memerari&#39;.</strong></span> 
     </span>
     <span class='ocr_line' id='line_1_3' title="bbox 172 615 1204 697; baseline -0.006 -13"><span class='ocrx_word' id='word_1_12' title='bbox 172 619 371 690; x_wconf 65' lang='lat' dir='ltr'><strong>recitantium</strong></span> <span class='ocrx_word' id='word_1_13' title='bbox 390 629 495 679; x_wconf 88' lang='lat' dir='ltr'><strong>tamen</strong></span> <span class='ocrx_word' id='word_1_14' title='bbox 514 618 657 685; x_wconf 77' lang='lat' dir='ltr'><strong>habuere</strong></span> <span class='ocrx_word' id='word_1_15' title='bbox 677 617 834 692; x_wconf 78' lang='lat' dir='ltr'><strong>seniores,</strong></span> <span class='ocrx_word' id='word_1_16' title='bbox 865 615 966 677; x_wconf 88' lang='lat' dir='ltr'><strong>donec</strong></span> <span class='ocrx_word' id='word_1_17' title='bbox 986 615 1123 697; x_wconf 88' lang='lat' dir='ltr'><strong>Philippi</strong></span> <span class='ocrx_word' id='word_1_18' title='bbox 1143 618 1204 678; x_wconf 77' lang='lat' dir='ltr'><strong>res</strong></span> 
     </span>
     <span class='ocr_line' id='line_1_4' title="bbox 206 695 1223 780; baseline -0.006 -16"><span class='ocrx_word' id='word_1_19' title='bbox 206 721 298 770; x_wconf 58' lang='lat' dir='ltr'><strong>,orsus</strong></span> <span class='ocrx_word' id='word_1_20' title='bbox 325 699 475 762; x_wconf 84' lang='lat' dir='ltr'><strong>obterere</strong></span> <span class='ocrx_word' id='word_1_21' title='bbox 501 698 642 761; x_wconf 89' lang='lat' dir='ltr'><strong>nobilem·</strong></span> <span class='ocrx_word' id='word_1_22' title='bbox 670 698 754 780; x_wconf 90' lang='lat' dir='ltr'><strong>apud</strong></span> <span class='ocrx_word' id='word_1_23' title='bbox 791 696 1005 759; x_wconf 76' lang='lat' dir='ltr'><strong>Chaeroneam</strong></span> <span class='ocrx_word' id='word_1_24' title='bbox 1031 695 1223 758; x_wconf 80' lang='lat' dir='ltr'><strong>victoriam¹</strong></span> 
     </span>
     <span class='ocr_line' id='line_1_5' title="bbox 207 775 1199 862; baseline -0.001 -21"><span class='ocrx_word' id='word_1_25' title='bbox 207 781 258 841; x_wconf 84' lang='lat' dir='ltr'><strong>sui</strong></span> <span class='ocrx_word' id='word_1_26' title='bbox 275 779 383 861; x_wconf 84' lang='lat' dir='ltr'><strong>operis</strong></span> <span class='ocrx_word' id='word_1_27' title='bbox 402 777 501 840; x_wconf 86' lang='lat' dir='ltr'><strong>fuisse</strong></span> <span class='ocrx_word' id='word_1_28' title='bbox 524 779 661 857; x_wconf 84' lang='lat' dir='ltr'><strong>iactavit,</strong></span> <span class='ocrx_word' id='word_1_29' title='bbox 683 778 902 860; x_wconf 86' lang='lat' dir='ltr'><strong>ademtamque</strong></span> <span class='ocrx_word' id='word_1_30' title='bbox 924 775 1199 862; x_wconf 69' lang='lat' dir='ltr'><strong>sibimalignitate</strong></span> 
     </span>
     <span class='ocr_line' id='line_1_6' title="bbox 174 855 1202 998; baseline 0.002 -82"><span class='ocrx_word' id='word_1_31' title='bbox 174 871 242 922; x_wconf 78' lang='lat' dir='ltr'><strong>atet</strong></span> <span class='ocrx_word' id='word_1_32' title='bbox 267 859 383 922; x_wconf 84' lang='lat' dir='ltr'><strong>invidia</strong></span> <span class='ocrx_word' id='word_1_33' title='bbox 413 860 511 941; x_wconf 86' lang='lat' dir='ltr'><strong>patris</strong></span> <span class='ocrx_word' id='word_1_34' title='bbox 538 871 642 931; x_wconf 86' lang='lat' dir='ltr'><strong>tantae</strong></span> <span class='ocrx_word' id='word_1_35' title='bbox 668 859 716 919; x_wconf 90' lang='lat' dir='ltr'><strong>rei</strong></span> <span class='ocrx_word' id='word_1_36' title='bbox 745 856 888 998; x_wconf 58' lang='lat' dir='ltr'><strong>pluriam.</strong></span> <span class='ocrx_word' id='word_1_37' title='bbox 932 855 1025 916; x_wconf 91' lang='lat' dir='ltr'><strong>lllum</strong></span> <span class='ocrx_word' id='word_1_38' title='bbox 1058 855 1202 938; x_wconf 84' lang='lat' dir='ltr'><strong>quidem,</strong></span> 
     </span>
     <span class='ocr_line' id='line_1_7' title="bbox 208 937 1200 1009; baseline -0.003 -8"><span class='ocrx_word' id='word_1_39' title='bbox 208 939 362 1001; x_wconf 88' lang='lat' dir='ltr'><strong>sedi-tione</strong></span> <span class='ocrx_word' id='word_1_40' title='bbox 382 939 464 1001; x_wconf 88' lang='lat' dir='ltr'><strong>inter</strong></span> <span class='ocrx_word' id='word_1_41' title='bbox 491 939 680 1006; x_wconf 79' lang='lat' dir='ltr'><strong>Macedones</strong></span> <span class='ocrx_word' id='word_1_42' title='bbox 704 939 746 998; x_wconf 90' lang='lat' dir='ltr'><strong>mi</strong></span> <span class='ocrx_word' id='word_1_43' title='bbox 759 940 821 999; x_wconf 83' lang='lat' dir='ltr'><strong>itea</strong></span> <span class='ocrx_word' id='word_1_44' title='bbox 846 949 880 998; x_wconf 90' lang='lat' dir='ltr'><strong>et</strong></span> <span class='ocrx_word' id='word_1_45' title='bbox 905 937 1046 1009; x_wconf 84' lang='lat' dir='ltr'><strong>Graecos</strong></span> <span class='ocrx_word' id='word_1_46' title='bbox 1074 957 1200 998; x_wconf 85' lang='lat' dir='ltr'><strong>merce-</strong></span> 
     </span>
    </p>

    <p class='ocr_par' dir='ltr' id='par_1_3' title="bbox 115 1016 1256 1824">
     <span class='ocr_line' id='line_1_8' title="bbox 115 1016 1201 1101; baseline -0.002 -21"><span class='ocrx_word' id='word_1_47' title='bbox 115 1017 116 1021; x_wconf 61' lang='grc'>’</span> <span class='ocrx_word' id='word_1_48' title='bbox 207 1020 310 1080; x_wconf 83' lang='lat' dir='ltr'><strong>uarios</strong></span> <span class='ocrx_word' id='word_1_49' title='bbox 333 1030 418 1094; x_wconf 87' lang='lat' dir='ltr'><strong>orta,</strong></span> <span class='ocrx_word' id='word_1_50' title='bbox 439 1020 636 1080; x_wconf 88' lang='lat' dir='ltr'><strong>debilitatum</strong></span> <span class='ocrx_word' id='word_1_51' title='bbox 655 1020 807 1094; x_wconf 83' lang='lat' dir='ltr'><strong>vulnere,</strong></span> <span class='ocrx_word' id='word_1_52' title='bbox 835 1016 922 1101; x_wconf 87' lang='lat' dir='ltr'><strong>quod</strong></span> <span class='ocrx_word' id='word_1_53' title='bbox 942 1016 973 1078; x_wconf 92' lang='lat' dir='ltr'><strong>iu</strong></span> <span class='ocrx_word' id='word_1_54' title='bbox 998 1037 1035 1088; x_wconf 79' lang='lat' dir='ltr'><strong>ea</strong></span> <span class='ocrx_word' id='word_1_55' title='bbox 1056 1029 1201 1078; x_wconf 84' lang='lat' dir='ltr'><strong>conster-¹</strong></span> 
     </span>
     <span class='ocr_line' id='line_1_9' title="bbox 207 1097 1201 1181; baseline -0.001 -21"><span class='ocrx_word' id='word_1_56' title='bbox 207 1101 332 1162; x_wconf 87' lang='lat' dir='ltr'><strong>natione</strong></span> <span class='ocrx_word' id='word_1_57' title='bbox 354 1111 531 1181; x_wconf 86' lang='lat' dir='ltr'><strong>acceperat,</strong></span> <span class='ocrx_word' id='word_1_58' title='bbox 551 1100 694 1174; x_wconf 84' lang='lat' dir='ltr'><strong>iacuisse,</strong></span> <span class='ocrx_word' id='word_1_59' title='bbox 714 1119 777 1160; x_wconf 90' lang='lat' dir='ltr'><strong>non</strong></span> <span class='ocrx_word' id='word_1_60' title='bbox 792 1097 864 1158; x_wconf 89' lang='lat' dir='ltr'><strong>elias</strong></span> <span class='ocrx_word' id='word_1_61' title='bbox 885 1114 976 1180; x_wconf 88' lang='lat' dir='ltr'><strong>quam</strong></span> <span class='ocrx_word' id='word_1_62' title='bbox 999 1097 1201 1159; x_wconf 81' lang='lat' dir='ltr'><strong>simulatione</strong></span> 
     </span>
     <span class='ocr_line' id='line_1_10' title="bbox 208 1177 1201 1260; baseline -0.004 -20"><span class='ocrx_word' id='word_1_63' title='bbox 208 1181 317 1240; x_wconf 89' lang='lat' dir='ltr'><strong>mortis</strong></span> <span class='ocrx_word' id='word_1_64' title='bbox 341 1180 509 1240; x_wconf 86' lang='lat' dir='ltr'><strong>tutiorem:</strong></span> <span class='ocrx_word' id='word_1_65' title='bbox 531 1199 565 1240; x_wconf 90' lang='lat' dir='ltr'><strong>se</strong></span> <span class='ocrx_word' id='word_1_66' title='bbox 583 1199 699 1260; x_wconf 85' lang='lat' dir='ltr'><strong>cerpus</strong></span> <span class='ocrx_word' id='word_1_67' title='bbox 715 1179 781 1238; x_wconf 88' lang='lat' dir='ltr'><strong>eius</strong></span> <span class='ocrx_word' id='word_1_68' title='bbox 802 1177 982 1258; x_wconf 79' lang='lat' dir='ltr'><strong>protexisse</strong></span> <span class='ocrx_word' id='word_1_69' title='bbox 1004 1177 1106 1258; x_wconf 90' lang='lat' dir='ltr'><strong>clipeo</strong></span> <span class='ocrx_word' id='word_1_70' title='bbox 1127 1199 1201 1255; x_wconf 84' lang='lat' dir='ltr'><strong>sue,</strong></span> 
     </span>
     <span class='ocr_line' id='line_1_11' title="bbox 169 1254 1202 1348; baseline 0.001 -30"><span class='ocrx_word' id='word_1_71' title='bbox 169 1272 400 1342; x_wconf 78' lang='lat' dir='ltr'><strong>esruentesque</strong></span> <span class='ocrx_word' id='word_1_72' title='bbox 420 1260 451 1319; x_wconf 91' lang='lat' dir='ltr'><strong>in</strong></span> <span class='ocrx_word' id='word_1_73' title='bbox 472 1260 560 1319; x_wconf 91' lang='lat' dir='ltr'><strong>illum</strong></span> <span class='ocrx_word' id='word_1_74' title='bbox 583 1279 637 1318; x_wconf 86' lang='lat' dir='ltr'><strong>sua</strong></span> <span class='ocrx_word' id='word_1_75' title='bbox 664 1279 758 1318; x_wconf 89' lang='lat' dir='ltr'><strong>manu</strong></span> <span class='ocrx_word' id='word_1_76' title='bbox 784 1257 916 1318; x_wconf 90' lang='lat' dir='ltr'><strong>occisos.</strong></span> <span class='ocrx_word' id='word_1_77' title='bbox 947 1254 1038 1348; x_wconf 61' lang='lat' dir='ltr'><strong>Quae,</strong></span> <span class='ocrx_word' id='word_1_78' title='bbox 1074 1269 1202 1338; x_wconf 77' lang='lat' dir='ltr'><strong>patrem</strong></span> 
     </span>
     <span class='ocr_line' id='line_1_12' title="bbox 128 1336 1200 1422; baseline 0.002 -25"><span class='ocrx_word' id='word_1_79' title='bbox 128 1392 131 1397; x_wconf 81' lang='grc'>,</span> <span class='ocrx_word' id='word_1_80' title='bbox 208 1361 369 1422; x_wconf 89' lang='lat' dir='ltr'><strong>nunquam</strong></span> <span class='ocrx_word' id='word_1_81' title='bbox 397 1361 432 1400; x_wconf 86' lang='lat' dir='ltr'><strong>ec</strong></span> <span class='ocrx_word' id='word_1_82' title='bbox 458 1361 498 1401; x_wconf 93' lang='lat' dir='ltr'><strong>uo</strong></span> <span class='ocrx_word' id='word_1_83' title='bbox 526 1340 627 1416; x_wconf 87' lang='lat' dir='ltr'><strong>animo</strong></span> <span class='ocrx_word' id='word_1_84' title='bbox 654 1359 724 1399; x_wconf 88' lang='lat' dir='ltr'><strong>esse</strong></span> <span class='ocrx_word' id='word_1_85' title='bbox 753 1336 949 1411; x_wconf 82' lang='lat' dir='ltr'><strong>confessum,</strong></span> <span class='ocrx_word' id='word_1_86' title='bbox 975 1337 1106 1399; x_wconf 86' lang='lat' dir='ltr'><strong>invitum</strong></span> <span class='ocrx_word' id='word_1_87' title='bbox 1128 1339 1200 1399; x_wconf 83' lang='lat' dir='ltr'><strong>lilio</strong></span> 
     </span>
     <span class='ocr_line' id='line_1_13' title="bbox 209 1362 1249 1498; baseline -0.002 -18"><span class='ocrx_word' id='word_1_88' title='bbox 209 1421 379 1481; x_wconf 85' lang='lat' dir='ltr'><strong>debentem</strong></span> <span class='ocrx_word' id='word_1_89' title='bbox 407 1362 539 1479; x_wconf 77' lang='lat' dir='ltr'><strong>salutem</strong></span> <span class='ocrx_word' id='word_1_90' title='bbox 568 1439 665 1478; x_wconf 84' lang='lat' dir='ltr'><strong>suam.</strong></span> <span class='ocrx_word' id='word_1_91' title='bbox 713 1421 827 1498; x_wconf 87' lang='lat' dir='ltr'><strong>ltaque</strong></span> <span class='ocrx_word' id='word_1_92' title='bbox 850 1426 923 1496; x_wconf 85' lang='lat' dir='ltr'><strong>pest</strong></span> <span class='ocrx_word' id='word_1_93' title='bbox 952 1417 1201 1498; x_wconf 65' lang='lat' dir='ltr'><strong>expeditionem,</strong></span> <span class='ocrx_word' id='word_1_94' title='bbox 1246 1435 1249 1443; x_wconf 85' lang='grc'><strong>’</strong></span> 
     </span>
     <span class='ocr_line' id='line_1_14' title="bbox 210 1495 1201 1582; baseline -0.003 -22"><span class='ocrx_word' id='word_1_95' title='bbox 210 1521 304 1582; x_wconf 85' lang='lat' dir='ltr'><strong>quam</strong></span> <span class='ocrx_word' id='word_1_96' title='bbox 325 1499 390 1560; x_wconf 88' lang='lat' dir='ltr'><strong>sine</strong></span> <span class='ocrx_word' id='word_1_97' title='bbox 412 1518 451 1559; x_wconf 91' lang='lat' dir='ltr'><strong>eo</strong></span> <span class='ocrx_word' id='word_1_98' title='bbox 478 1498 607 1560; x_wconf 79' lang='lat' dir='ltr'><strong>fecisset</strong></span> <span class='ocrx_word' id='word_1_99' title='bbox 627 1499 696 1580; x_wconf 87' lang='lat' dir='ltr'><strong>ipse</strong></span> <span class='ocrx_word' id='word_1_100' title='bbox 716 1499 748 1558; x_wconf 91' lang='lat' dir='ltr'><strong>in</strong></span> <span class='ocrx_word' id='word_1_101' title='bbox 768 1495 907 1576; x_wconf 87' lang='lat' dir='ltr'><strong>Illyrios,</strong></span> <span class='ocrx_word' id='word_1_102' title='bbox 942 1497 1095 1557; x_wconf 85' lang='lat' dir='ltr'><strong>victorem</strong></span> <span class='ocrx_word' id='word_1_103' title='bbox 1122 1501 1201 1561; x_wconf 77' lang='lat' dir='ltr'><strong>scri-</strong></span> 
     </span>
     <span class='ocr_line' id='line_1_15' title="bbox 209 1575 1201 1662; baseline 0.003 -23"><span class='ocrx_word' id='word_1_104' title='bbox 209 1581 310 1660; x_wconf 86' lang='lat' dir='ltr'><strong>psisse</strong></span> <span class='ocrx_word' id='word_1_105' title='bbox 331 1599 365 1639; x_wconf 90' lang='lat' dir='ltr'><strong>se</strong></span> <span class='ocrx_word' id='word_1_106' title='bbox 387 1579 486 1659; x_wconf 88' lang='lat' dir='ltr'><strong>patri,</strong></span> <span class='ocrx_word' id='word_1_107' title='bbox 510 1579 598 1644; x_wconf 86' lang='lat' dir='ltr'><strong>fusos</strong></span> <span class='ocrx_word' id='word_1_108' title='bbox 620 1579 812 1662; x_wconf 81' lang='lat' dir='ltr'><strong>fugatosque</strong></span> <span class='ocrx_word' id='word_1_109' title='bbox 833 1575 958 1653; x_wconf 87' lang='lat' dir='ltr'><strong>hostes,</strong></span> <span class='ocrx_word' id='word_1_110' title='bbox 986 1597 1046 1637; x_wconf 89' lang='lat' dir='ltr'><strong>nee</strong></span> <span class='ocrx_word' id='word_1_111' title='bbox 1068 1577 1201 1642; x_wconf 78' lang='lat' dir='ltr'><strong>affuisse</strong></span> 
     </span>
     <span class='ocr_line' id='line_1_16' title="bbox 170 1658 1256 1745; baseline 0.004 -25"><span class='ocrx_word' id='word_1_112' title='bbox 170 1673 341 1742; x_wconf 61' lang='lat' dir='ltr'><strong>acusquam</strong></span> <span class='ocrx_word' id='word_1_113' title='bbox 362 1659 554 1745; x_wconf 82' lang='lat' dir='ltr'><strong>Philippum.</strong></span> <span class='ocrx_word' id='word_1_114' title='bbox 575 1660 683 1720; x_wconf 85' lang='lat' dir='ltr'><strong>Laude</strong></span> <span class='ocrx_word' id='word_1_115' title='bbox 706 1659 818 1742; x_wconf 74' lang='lat' dir='ltr'><strong>dignos</strong></span> <span class='ocrx_word' id='word_1_116' title='bbox 839 1676 919 1734; x_wconf 83' lang='lat' dir='ltr'><strong>esse,</strong></span> <span class='ocrx_word' id='word_1_117' title='bbox 938 1678 1001 1718; x_wconf 91' lang='lat' dir='ltr'><strong>non</strong></span> <span class='ocrx_word' id='word_1_118' title='bbox 1022 1658 1075 1740; x_wconf 84' lang='lat' dir='ltr'><strong>qui</strong></span> <span class='ocrx_word' id='word_1_119' title='bbox 1090 1658 1200 1723; x_wconf 88' lang='lat' dir='ltr'><strong>Samo·</strong></span> <span class='ocrx_word' id='word_1_120' title='bbox 1254 1721 1256 1724; x_wconf 86' lang='lat'>.</span> 
     </span>
     <span class='ocr_line' id='line_1_17' title="bbox 209 1737 1200 1824; baseline 0.001 -25"><span class='ocrx_word' id='word_1_121' title='bbox 209 1740 355 1800; x_wconf 89' lang='lat' dir='ltr'><strong>thracum</strong></span> <span class='ocrx_word' id='word_1_122' title='bbox 377 1739 648 1817; x_wconf 81' lang='lat' dir='ltr'><strong>initia&#39;viserent,</strong></span> <span class='ocrx_word' id='word_1_123' title='bbox 685 1759 756 1800; x_wconf 89' lang='lat' dir='ltr'><strong>cum</strong></span> <span class='ocrx_word' id='word_1_124' title='bbox 793 1737 898 1796; x_wconf 86' lang='lat' dir='ltr'><strong>Asiam</strong></span> <span class='ocrx_word' id='word_1_125' title='bbox 930 1737 980 1796; x_wconf 91' lang='lat' dir='ltr'><strong>uri</strong></span> <span class='ocrx_word' id='word_1_126' title='bbox 1020 1743 1200 1824; x_wconf 73' lang='lat' dir='ltr'><strong>vastarique</strong></span> 
     </span>
    </p>

    <p class='ocr_par' dir='ltr' id='par_1_4' title="bbox 170 1818 1242 2150">
     <span class='ocr_line' id='line_1_18' title="bbox 183 1818 1199 1912; baseline 0 -32"><span class='ocrx_word' id='word_1_127' title='bbox 183 1846 187 1859; x_wconf 46' lang='lat' dir='ltr'><strong><em>s</em></strong></span> <span class='ocrx_word' id='word_1_128' title='bbox 210 1830 386 1912; x_wconf 77' lang='lat' dir='ltr'><strong>oporteret,</strong></span> <span class='ocrx_word' id='word_1_129' title='bbox 410 1819 467 1904; x_wconf 83' lang='lat' dir='ltr'><strong>sed</strong></span> <span class='ocrx_word' id='word_1_130' title='bbox 488 1840 555 1899; x_wconf 85' lang='lat' dir='ltr'><strong>eos,</strong></span> <span class='ocrx_word' id='word_1_131' title='bbox 576 1821 630 1904; x_wconf 87' lang='lat' dir='ltr'><strong>qui</strong></span> <span class='ocrx_word' id='word_1_132' title='bbox 650 1818 861 1902; x_wconf 82' lang='lat' dir='ltr'><strong>magnitudipe</strong></span> <span class='ocrx_word' id='word_1_133' title='bbox 892 1837 1000 1877; x_wconf 89' lang='lat' dir='ltr'><strong>rerum</strong></span> <span class='ocrx_word' id='word_1_134' title='bbox 1027 1819 1126 1882; x_wconf 80' lang='lat' dir='ltr'><strong>fldem</strong></span> <span class='ocrx_word' id='word_1_135' title='bbox 1146 1827 1199 1882; x_wconf 84' lang='lat' dir='ltr'><strong>an-</strong></span> 
     </span>
     <span class='ocr_line' id='line_1_19' title="bbox 209 1899 1242 1975; baseline -0.001 -17"><span class='ocrx_word' id='word_1_136' title='bbox 209 1912 417 1975; x_wconf 78' lang='lat' dir='ltr'><strong>tecessissent,</strong></span> <span class='ocrx_word' id='word_1_137' title='bbox 1112 1927 1113 1932; x_wconf 41' lang='lat'>¹</span> <span class='ocrx_word' id='word_1_138' title='bbox 1238 1899 1242 1912; x_wconf 93' lang='lat'>&#39;</span> 
     </span>
     <span class='ocr_line' id='line_1_20' title="bbox 170 1971 1199 2062; baseline 0.006 -26"><span class='ocrx_word' id='word_1_139' title='bbox 170 1983 193 2047; x_wconf 80' lang='grc'>4</span> <span class='ocrx_word' id='word_1_140' title='bbox 234 2009 237 2014; x_wconf 78' lang='lat'><strong>,</strong></span> <span class='ocrx_word' id='word_1_141' title='bbox 289 1971 432 2040; x_wconf 69' lang='lat' dir='ltr'><strong>Haecet&#39;</strong></span> <span class='ocrx_word' id='word_1_142' title='bbox 452 1979 500 2040; x_wconf 88' lang='lat' dir='ltr'><strong>his</strong></span> <span class='ocrx_word' id='word_1_143' title='bbox 524 1979 633 2038; x_wconf 85' lang='lat' dir='ltr'><strong>similia</strong></span> <span class='ocrx_word' id='word_1_144' title='bbox 661 1977 739 2038; x_wconf 88' lang='lat' dir='ltr'><strong>laeti</strong></span> <span class='ocrx_word' id='word_1_145' title='bbox 765 1978 893 2038; x_wconf 86' lang='lat' dir='ltr'><strong>audiere</strong></span> <span class='ocrx_word' id='word_1_146' title='bbox 914 1978 1054 2054; x_wconf 86' lang='lat' dir='ltr'><strong>iuvenes,</strong></span> <span class='ocrx_word' id='word_1_147' title='bbox 1074 1981 1199 2062; x_wconf 82' lang='lat' dir='ltr'><strong>ingrata</strong></span> 
     </span>
     <span class='ocr_line' id='line_1_21' title="bbox 212 2057 1199 2150; baseline 0.004 -32"><span class='ocrx_word' id='word_1_148' title='bbox 212 2057 388 2118; x_wconf 87' lang='lat' dir='ltr'><strong>senioribus</strong></span> <span class='ocrx_word' id='word_1_149' title='bbox 411 2071 510 2135; x_wconf 87' lang='lat' dir='ltr'><strong>erant,</strong></span> <span class='ocrx_word' id='word_1_150' title='bbox 530 2061 661 2119; x_wconf 82' lang='lat' dir='ltr'><strong>maxime</strong></span> <span class='ocrx_word' id='word_1_151' title='bbox 681 2069 826 2150; x_wconf 42' lang='lat' dir='ltr'><strong>prepter.</strong></span> <span class='ocrx_word' id='word_1_152' title='bbox 838 2057 1031 2150; x_wconf 80' lang='lat' dir='ltr'><strong>Philippum,</strong></span> <span class='ocrx_word' id='word_1_153' title='bbox 1052 2061 1110 2120; x_wconf 90' lang='lat' dir='ltr'><strong>sub</strong></span> <span class='ocrx_word' id='word_1_154' title='bbox 1132 2083 1199 2146; x_wconf 85' lang='lat' dir='ltr'><strong>que</strong></span> 
     </span>
    </p>
   </div>
   <div class='ocr_carea' id='block_1_3' title="bbox 166 2137 1277 2220">
    <p class='ocr_par' dir='ltr' id='par_1_5' title="bbox 166 2137 1277 2220">
     <span class='ocr_line' id='line_1_22' title="bbox 166 2137 1277 2220; baseline 0.008 -27"><span class='ocrx_word' id='word_1_155' title='bbox 166 2151 206 2193; x_wconf 66' lang='lat' dir='ltr'><strong>*aa</strong></span> <span class='ocrx_word' id='word_1_156' title='bbox 214 2138 329 2197; x_wconf 89' lang='lat' dir='ltr'><strong>diutius</strong></span> <span class='ocrx_word' id='word_1_157' title='bbox 350 2139 508 2198; x_wconf 85' lang='lat' dir='ltr'><strong>vixerant:</strong></span> <span class='ocrx_word' id='word_1_158' title='bbox 531 2157 601 2197; x_wconf 89' lang='lat' dir='ltr'><strong>cum</strong></span> <span class='ocrx_word' id='word_1_159' title='bbox 625 2137 735 2213; x_wconf 88' lang='lat' dir='ltr'><strong>Clitus,</strong></span> <span class='ocrx_word' id='word_1_160' title='bbox 756 2158 795 2196; x_wconf 88' lang='lat' dir='ltr'><strong>ne</strong></span> <span class='ocrx_word' id='word_1_161' title='bbox 817 2157 885 2217; x_wconf 85' lang='lat' dir='ltr'><strong>1pse</strong></span> <span class='ocrx_word' id='word_1_162' title='bbox 906 2137 1033 2220; x_wconf 76' lang='lat' dir='ltr'><strong>quidem</strong></span> <span class='ocrx_word' id='word_1_163' title='bbox 1053 2142 1127 2201; x_wconf 87' lang='lat' dir='ltr'><strong>satis</strong></span> <span class='ocrx_word' id='word_1_164' title='bbox 1148 2163 1204 2204; x_wconf 52' lang='lat' dir='ltr'><strong>soz</strong></span> <span class='ocrx_word' id='word_1_165' title='bbox 1275 2215 1277 2220; x_wconf 28' lang='grc' dir='ltr'>Ι</span> 
     </span>
    </p>
   </div>
   <div class='ocr_carea' id='block_1_4' title="bbox 158 2215 1209 2860">
    <p class='ocr_par' dir='ltr' id='par_1_6' title="bbox 158 2215 1209 2860">
     <span class='ocr_line' id='line_1_23' title="bbox 164 2215 1204 2299; baseline 0.006 -23"><span class='ocrx_word' id='word_1_166' title='bbox 164 2235 167 2241; x_wconf 88' lang='grc'><strong>’</strong></span> <span class='ocrx_word' id='word_1_167' title='bbox 212 2217 311 2291; x_wconf 84' lang='lat' dir='ltr'><strong>brius,</strong></span> <span class='ocrx_word' id='word_1_168' title='bbox 331 2217 370 2276; x_wconf 87' lang='lat' dir='ltr'><strong>ad</strong></span> <span class='ocrx_word' id='word_1_169' title='bbox 392 2237 463 2292; x_wconf 80' lang='lat' dir='ltr'><strong>eoa,</strong></span> <span class='ocrx_word' id='word_1_170' title='bbox 499 2217 553 2299; x_wconf 86' lang='lat' dir='ltr'><strong>qui</strong></span> <span class='ocrx_word' id='word_1_171' title='bbox 578 2216 660 2276; x_wconf 89' lang='lat' dir='ltr'><strong>infra</strong></span> <span class='ocrx_word' id='word_1_172' title='bbox 685 2217 787 2298; x_wconf 90' lang='lat' dir='ltr'><strong>ipsum</strong></span> <span class='ocrx_word' id='word_1_173' title='bbox 816 2215 988 2288; x_wconf 82' lang='lat' dir='ltr'><strong>cubabant,</strong></span> <span class='ocrx_word' id='word_1_174' title='bbox 1015 2239 1204 2298; x_wconf 75' lang='lat' dir='ltr'><strong>conversus,</strong></span> 
     </span>
     <span class='ocr_line' id='line_1_24' title="bbox 201 2296 1200 2386; baseline 0.007 -31"><span class='ocrx_word' id='word_1_175' title='bbox 201 2296 373 2376; x_wconf 69' lang='lat' dir='ltr'><strong>,Euripidis</strong></span> <span class='ocrx_word' id='word_1_176' title='bbox 401 2297 512 2356; x_wconf 89' lang='lat' dir='ltr'><strong>retulit</strong></span> <span class='ocrx_word' id='word_1_177' title='bbox 546 2315 687 2371; x_wconf 82' lang='lat' dir='ltr'><strong>carmen,</strong></span> <span class='ocrx_word' id='word_1_178' title='bbox 713 2298 756 2356; x_wconf 90' lang='lat' dir='ltr'><strong>ita</strong></span> <span class='ocrx_word' id='word_1_179' title='bbox 786 2308 822 2356; x_wconf 90' lang='lat' dir='ltr'><strong>ut</strong></span> <span class='ocrx_word' id='word_1_180' title='bbox 846 2317 940 2370; x_wconf 84' lang='lat' dir='ltr'><strong>sonus¹</strong></span> <span class='ocrx_word' id='word_1_181' title='bbox 963 2299 1078 2381; x_wconf 84' lang='lat' dir='ltr'><strong>magis,</strong></span> <span class='ocrx_word' id='word_1_182' title='bbox 1104 2323 1200 2386; x_wconf 87' lang='lat' dir='ltr'><strong>qua-m</strong></span> 
     </span>
     <span class='ocr_line' id='line_1_25' title="bbox 158 2375 1201 2464; baseline 0.01 -31"><span class='ocrx_word' id='word_1_183' title='bbox 158 2388 319 2442; x_wconf 60' lang='lat' dir='ltr'><strong>*aeserme</strong></span> <span class='ocrx_word' id='word_1_184' title='bbox 341 2377 481 2442; x_wconf 87' lang='lat' dir='ltr'><strong>exaudiri</strong></span> <span class='ocrx_word' id='word_1_185' title='bbox 501 2387 646 2464; x_wconf 84' lang='lat' dir='ltr'><strong>possete</strong></span> <span class='ocrx_word' id='word_1_186' title='bbox 667 2397 756 2457; x_wconf 82' lang='lat' dir='ltr'><strong>rege,</strong></span> <span class='ocrx_word' id='word_1_187' title='bbox 771 2397 834 2459; x_wconf 87' lang='lat' dir='ltr'><strong>que</strong></span> <span class='ocrx_word' id='word_1_188' title='bbox 847 2375 1095 2459; x_wconf 77' lang='lat' dir='ltr'><strong>significabatur,</strong></span> <span class='ocrx_word' id='word_1_189' title='bbox 1117 2383 1201 2444; x_wconf 83' lang='lat' dir='ltr'><strong>male</strong></span> 
     </span>
     <span class='ocr_line' id='line_1_26' title="bbox 213 2455 1200 2540; baseline 0.01 -26"><span class='ocrx_word' id='word_1_190' title='bbox 213 2455 384 2514; x_wconf 87' lang='lat' dir='ltr'><strong>instituisse</strong></span> <span class='ocrx_word' id='word_1_191' title='bbox 410 2456 566 2531; x_wconf 84' lang='lat' dir='ltr'><strong>Graecos,</strong></span> <span class='ocrx_word' id='word_1_192' title='bbox 600 2456 686 2540; x_wconf 82' lang='lat' dir='ltr'><strong>quod</strong></span> <span class='ocrx_word' id='word_1_193' title='bbox 718 2457 858 2538; x_wconf 87' lang='lat' dir='ltr'><strong>tropaeis</strong></span> <span class='ocrx_word' id='word_1_194' title='bbox 893 2478 1006 2538; x_wconf 80' lang='lat' dir='ltr'><strong>regum</strong></span> <span class='ocrx_word' id='word_1_195' title='bbox 1037 2460 1200 2534; x_wconf 69' lang='lat' dir='ltr'><strong>dumtaxat</strong></span> 
     </span>
     <span class='ocr_line' id='line_1_27' title="bbox 212 2535 1200 2622; baseline 0.009 -28"><span class='ocrx_word' id='word_1_196' title='bbox 212 2535 338 2595; x_wconf 89' lang='lat' dir='ltr'><strong>nomina</strong></span> <span class='ocrx_word' id='word_1_197' title='bbox 371 2535 593 2596; x_wconf 84' lang='lat' dir='ltr'><strong>inscriberent:</strong></span> <span class='ocrx_word' id='word_1_198' title='bbox 636 2537 735 2597; x_wconf 87' lang='lat' dir='ltr'><strong>alieno</strong></span> <span class='ocrx_word' id='word_1_199' title='bbox 778 2538 859 2597; x_wconf 90' lang='lat' dir='ltr'><strong>enim</strong></span> <span class='ocrx_word' id='word_1_200' title='bbox 893 2538 1041 2620; x_wconf 81' lang='lat' dir='ltr'><strong>sanguine</strong></span> <span class='ocrx_word' id='word_1_201' title='bbox 1076 2555 1200 2622; x_wconf 83' lang='lat' dir='ltr'><strong>partam</strong></span> 
     </span>
     <span class='ocr_line' id='line_1_28' title="bbox 215 2613 1195 2698; baseline 0.01 -26"><span class='ocrx_word' id='word_1_202' title='bbox 215 2616 348 2695; x_wconf 74' lang='lat' dir='ltr'><strong>gloriam</strong></span> <span class='ocrx_word' id='word_1_203' title='bbox 368 2615 523 2696; x_wconf 83' lang='lat' dir='ltr'><strong>intercipi.</strong></span> <span class='ocrx_word' id='word_1_204' title='bbox 565 2619 674 2697; x_wconf 86' lang='lat' dir='ltr'><strong>ltaque</strong></span> <span class='ocrx_word' id='word_1_205' title='bbox 695 2637 771 2691; x_wconf 87' lang='lat' dir='ltr'><strong>rex,</strong></span> <span class='ocrx_word' id='word_1_206' title='bbox 796 2637 867 2679; x_wconf 89' lang='lat' dir='ltr'><strong>cum</strong></span> <span class='ocrx_word' id='word_1_207' title='bbox 890 2613 1111 2698; x_wconf 71' lang='lat' dir='ltr'><strong>&#39;suspicaretur</strong></span> <span class='ocrx_word' id='word_1_208' title='bbox 1130 2645 1195 2688; x_wconf 78' lang='lat' dir='ltr'><strong>ma·</strong></span> 
     </span>
     <span class='ocr_line' id='line_1_29' title="bbox 213 2693 1209 2782; baseline 0.006 -28"><span class='ocrx_word' id='word_1_209' title='bbox 213 2695 329 2776; x_wconf 83' lang='lat' dir='ltr'><strong>lignius</strong></span> <span class='ocrx_word' id='word_1_210' title='bbox 348 2693 490 2755; x_wconf 88' lang='lat' dir='ltr'><strong>habitum</strong></span> <span class='ocrx_word' id='word_1_211' title='bbox 517 2715 585 2756; x_wconf 88' lang='lat' dir='ltr'><strong>esse</strong></span> <span class='ocrx_word' id='word_1_212' title='bbox 598 2721 600 2725; x_wconf 88' lang='lat'><em>·</em></span> <span class='ocrx_word' id='word_1_213' title='bbox 613 2715 807 2777; x_wconf 88' lang='lat' dir='ltr'><strong>sermonem,</strong></span> <span class='ocrx_word' id='word_1_214' title='bbox 836 2699 1016 2777; x_wconf 86' lang='lat' dir='ltr'><strong>percontari</strong></span> <span class='ocrx_word' id='word_1_215' title='bbox 1036 2703 1209 2782; x_wconf 69' lang='lat' dir='ltr'><strong>proximos,</strong></span> 
     </span>
     <span class='ocr_line' id='line_1_30' title="bbox 176 2775 1199 2860; baseline 0.01 -28"><span class='ocrx_word' id='word_1_216' title='bbox 176 2775 329 2856; x_wconf 64' lang='lat' dir='ltr'><strong>occoepit,</strong></span> <span class='ocrx_word' id='word_1_217' title='bbox 351 2775 428 2860; x_wconf 88' lang='lat' dir='ltr'><strong>quid</strong></span> <span class='ocrx_word' id='word_1_218' title='bbox 448 2796 487 2850; x_wconf 69' lang='lat' dir='ltr'><strong>ex</strong></span> <span class='ocrx_word' id='word_1_219' title='bbox 509 2777 590 2842; x_wconf 86' lang='lat' dir='ltr'><strong>Clito</strong></span> <span class='ocrx_word' id='word_1_220' title='bbox 612 2776 782 2852; x_wconf 82' lang='lat' dir='ltr'><strong>audissent.</strong></span> <span class='ocrx_word' id='word_1_221' title='bbox 822 2780 866 2850; x_wconf 81' lang='lat' dir='ltr'><strong>Et</strong></span> <span class='ocrx_word' id='word_1_222' title='bbox 891 2779 951 2849; x_wconf 79' lang='lat' dir='ltr'><strong>illis</strong></span> <span class='ocrx_word' id='word_1_223' title='bbox 974 2779 1018 2839; x_wconf 88' lang='lat' dir='ltr'><strong>&#39;ad</strong></span> <span class='ocrx_word' id='word_1_224' title='bbox 1044 2782 1199 2843; x_wconf 85' lang='lat' dir='ltr'><strong>silendum</strong></span> 
     </span>
    </p>
   </div>
   <div class='ocr_carea' id='block_1_5' title="bbox 164 3015 1199 3538">
    <p class='ocr_par' dir='ltr' id='par_1_7' title="bbox 164 3015 1199 3538">
     <span class='ocr_line' id='line_1_31' title="bbox 261 3015 1199 3128; baseline 0.006 -38"><span class='ocrx_word' id='word_1_225' title='bbox 261 3037 305 3106; x_wconf 69' lang='lat'><strong>25)</strong></span> <span class='ocrx_word' id='word_1_226' title='bbox 324 3040 400 3096; x_wconf 78' lang='lat' dir='ltr'><strong>Voss,</strong></span> <span class='ocrx_word' id='word_1_227' title='bbox 419 3059 443 3094; x_wconf 78' lang='lat' dir='ltr'><strong>a.</strong></span> <span class='ocrx_word' id='word_1_228' title='bbox 461 3055 628 3128; x_wconf 65' lang='lat' dir='ltr'><strong>patremque.</strong></span> <span class='ocrx_word' id='word_1_229' title='bbox 647 3073 679 3083; x_wconf 92' lang='lat'>-</span> <span class='ocrx_word' id='word_1_230' title='bbox 698 3015 777 3110; x_wconf 55' lang='lat' dir='ltr'><strong>vulpe</strong></span> <span class='ocrx_word' id='word_1_231' title='bbox 801 3047 935 3114; x_wconf 77' lang='lat' dir='ltr'><strong>Illyricos.</strong></span> <span class='ocrx_word' id='word_1_232' title='bbox 947 3074 976 3085; x_wconf 87' lang='lat'><strong>··-</strong></span> <span class='ocrx_word' id='word_1_233' title='bbox 991 3045 1065 3096; x_wconf 77' lang='lat' dir='ltr'><strong>Frsh.</strong></span> <span class='ocrx_word' id='word_1_234' title='bbox 1083 3044 1199 3114; x_wconf 66' lang='lat' dir='ltr'><strong>afflasse</strong></span> 
     </span>
     <span class='ocr_line' id='line_1_32' title="bbox 212 3125 1180 3252; baseline 0.006 -26"><span class='ocrx_word' id='word_1_235' title='bbox 212 3125 477 3246; x_wconf 39' lang='grc' dir='ltr'><strong>μἰΞὲΞαΡιῖιῐναηερ.</strong></span> <span class='ocrx_word' id='word_1_236' title='bbox 495 3189 626 3231; x_wconf 80' lang='lat' dir='ltr'><strong>erstecess.</strong></span> <span class='ocrx_word' id='word_1_237' title='bbox 635 3177 739 3246; x_wconf 67' lang='lat' dir='ltr'><strong>stdwb&#39;</strong></span> <span class='ocrx_word' id='word_1_238' title='bbox 760 3181 838 3232; x_wconf 88' lang='lat' dir='ltr'><strong>Voss.</strong></span> <span class='ocrx_word' id='word_1_239' title='bbox 857 3198 882 3246; x_wconf 73' lang='lat' dir='ltr'><strong>a,</strong></span> <span class='ocrx_word' id='word_1_240' title='bbox 895 3183 924 3236; x_wconf 87' lang='grc' dir='ltr'><strong>Β.</strong></span> <span class='ocrx_word' id='word_1_241' title='bbox 946 3199 970 3233; x_wconf 78' lang='lat' dir='ltr'><strong>a.</strong></span> <span class='ocrx_word' id='word_1_242' title='bbox 990 3183 1075 3233; x_wconf 82' lang='lat' dir='ltr'><strong>omitt.</strong></span> <span class='ocrx_word' id='word_1_243' title='bbox 1084 3181 1180 3252; x_wconf 77' lang='lat' dir='ltr'><strong>fidem.</strong></span> 
     </span>
     <span class='ocr_line' id='line_1_33' title="bbox 164 3245 1075 3313; baseline 0.008 -18"><span class='ocrx_word' id='word_1_244' title='bbox 164 3269 168 3280; x_wconf 79' lang='lat'>=</span> <span class='ocrx_word' id='word_1_245' title='bbox 264 3245 512 3312; x_wconf 65' lang='lat' dir='ltr'><strong>obtruncantes</strong></span> <span class='ocrx_word' id='word_1_246' title='bbox 531 3255 597 3313; x_wconf 87' lang='lat' dir='ltr'><strong>optt.</strong></span> <span class='ocrx_word' id='word_1_247' title='bbox 618 3245 704 3298; x_wconf 87' lang='lat' dir='ltr'><strong>Codd.</strong></span> <span class='ocrx_word' id='word_1_248' title='bbox 725 3247 802 3298; x_wconf 83' lang='lat' dir='ltr'><strong>Tum</strong></span> <span class='ocrx_word' id='word_1_249' title='bbox 820 3249 916 3305; x_wconf 82' lang='lat' dir='ltr'><strong>Clitus.</strong></span> <span class='ocrx_word' id='word_1_250' title='bbox 1071 3269 1075 3276; x_wconf 76' lang='grc'><strong>“</strong></span> 
     </span>
     <span class='ocr_line' id='line_1_34' title="bbox 265 3313 1198 3387; baseline 0.008 -23"><span class='ocrx_word' id='word_1_251' title='bbox 265 3315 308 3382; x_wconf 74' lang='lat'><strong>29)</strong></span> <span class='ocrx_word' id='word_1_252' title='bbox 326 3313 399 3381; x_wconf 79' lang='lat' dir='ltr'><strong>Frsh.</strong></span> <span class='ocrx_word' id='word_1_253' title='bbox 416 3314 628 3372; x_wconf 68' lang='lat' dir='ltr'><strong>discriberentur</strong></span> <span class='ocrx_word' id='word_1_254' title='bbox 646 3325 738 3366; x_wconf 85' lang='lat' dir='ltr'><strong>centra</strong></span> <span class='ocrx_word' id='word_1_255' title='bbox 756 3325 823 3386; x_wconf 84' lang='lat' dir='ltr'><strong>optt.</strong></span> <span class='ocrx_word' id='word_1_256' title='bbox 835 3317 920 3369; x_wconf 90' lang='lat' dir='ltr'><strong>Codd.</strong></span> <span class='ocrx_word' id='word_1_257' title='bbox 932 3346 962 3355; x_wconf 95' lang='lat'><em>-</em></span> <span class='ocrx_word' id='word_1_258' title='bbox 979 3317 1056 3374; x_wconf 78' lang='lat' dir='ltr'><strong>Voss.</strong></span> <span class='ocrx_word' id='word_1_259' title='bbox 1066 3335 1088 3374; x_wconf 71' lang='grc' dir='ltr'><strong>ι.</strong></span> <span class='ocrx_word' id='word_1_260' title='bbox 1099 3329 1198 3387; x_wconf 83' lang='lat' dir='ltr'><strong>transp.</strong></span> 
     </span>
     <span class='ocr_line' id='line_1_35' title="bbox 213 3399 1106 3538; baseline 0 -34"><span class='ocrx_word' id='word_1_261' title='bbox 213 3399 404 3520; x_wconf 58' lang='lat' dir='ltr'><strong>qmlt&#39;d)rl“lsh.</strong></span> <span class='ocrx_word' id='word_1_262' title='bbox 423 3458 516 3501; x_wconf 84' lang='lat' dir='ltr'><strong>contra</strong></span> <span class='ocrx_word' id='word_1_263' title='bbox 531 3450 571 3516; x_wconf 83' lang='grc' dir='ltr'><strong>ΕΙ.</strong></span> <span class='ocrx_word' id='word_1_264' title='bbox 590 3450 664 3502; x_wconf 84' lang='lat' dir='ltr'><strong>Leid.</strong></span> <span class='ocrx_word' id='word_1_265' title='bbox 682 3450 759 3538; x_wconf 55' lang='lat' dir='ltr'><strong>less.</strong></span> <span class='ocrx_word' id='word_1_266' title='bbox 777 3437 800 3502; x_wconf 72' lang='grc' dir='ltr'><strong>ἰ.</strong></span> <span class='ocrx_word' id='word_1_267' title='bbox 820 3469 844 3506; x_wconf 79' lang='lat' dir='ltr'><strong>a.</strong></span> <span class='ocrx_word' id='word_1_268' title='bbox 866 3450 906 3502; x_wconf 86' lang='lat' dir='ltr'><strong>od</strong></span> <span class='ocrx_word' id='word_1_269' title='bbox 922 3451 1062 3503; x_wconf 83' lang='lat' dir='ltr'><strong>silentium.</strong></span> <span class='ocrx_word' id='word_1_270' title='bbox 1080 3439 1082 3444; x_wconf 40' lang='grc'>’</span> <span class='ocrx_word' id='word_1_271' title='bbox 1104 3507 1106 3512; x_wconf 64' lang='grc'>,</span> 
     </span>
    </p>
   </div>
   <div class='ocr_carea' id='block_1_6' title="bbox 0 0 1348 3876">
    <p class='ocr_par' dir='ltr' id='par_1_8' title="bbox 0 0 1348 3876">
     <span class='ocr_line' id='line_1_36' title="bbox 0 0 1348 3876; baseline 0 0"><span class='ocrx_word' id='word_1_272' title='bbox 0 0 1348 3876; x_wconf 95' lang='lat' dir='ltr'><strong> </strong></span> 
     </span>
    </p>
   </div>
  </div>
 </body>
</html>
