2688 3872
441 339 484 391 DE
503 339 626 392 Gesrts
645 340 747 394 lanx.
766 343 813 406 tx,
831 357 856 396 a.
1090 348 1139 400 lid

137 487 211 560 enit,
234 486 385 572 quioquid
406 486 489 550 Indis
510 486 626 550 virium
641 484 763 560 suisset,
776 487 828 548 illa
844 487 1044 550 dimicatione
1060 507 1136 570 pro·

137 579 287 642 atrat1un3
314 577 454 628 ceteram
478 565 614 646 opimam
646 565 797 646 praedam
825 566 914 642 sore,
945 566 1135 628 celebratas·
1163 580 1176 616 2

158 665 199 704 ue
213 665 292 724 opes
308 645 339 708 in
357 665 446 704 aare
471 643 543 705 ione
560 645 711 720 eminere,
729 666 823 726 quam
839 658 997 726 peterent.
1022 645 1134 706 Proin·

136 669 177 786 ile
198 724 260 783 ianr
286 724 357 784 vilia
381 735 413 784 et
435 665 580 787 obsoleta
609 743 679 796 esse
712 725 814 812 spolia
840 725 880 784 de
903 725 1026 785 Persis:
1050 745 1136 805 gem·

135 805 194 874 mis
218 803 463 885 margaritisque
496 813 529 862 et
557 823 635 862 auro
664 814 767 884 atque
796 801 896 872 ebore
918 803 1135 866 Macedoniani

136 882 390 964 Graeciamque,
420 904 482 943 non
510 901 581 940 suas
609 893 729 942 tantum
752 881 876 956 domos,
896 882 1056 965 repletum
1077 883 1134 944 ire.

136 961 233 1024 Avidi
257 961 373 1020 milites
396 974 428 1023 et
448 960 602 1042 pecuniae
624 973 655 1022 et
676 961 813 1041 gloriae,
842 961 935 1020 simul
958 963 1031 1045 quia
1059 983 1135 1024 nuu-
1158 979 1171 1022 a

138 1063 232 1124 quant
256 1061 311 1102 ees
334 1039 503 1100 al'lirmaitio
528 1039 595 1098 eius
625 1038 805 1113 fefellerat,
835 1040 1029 1136 pollicentur
1058 1061 1136 1122 ope·

136 1121 449 1202 ram:.dimissisque
471 1139 543 1178 cum
573 1118 653 1179 bona
682 1139 757 1202 spe,
781 1119 905 1199 navigia
934 1117 1135 1180 exaedificari

138 1199 238 1274 iubet,
262 1209 308 1272 ut,
330 1219 402 1260 cum
423 1210 523 1259 totam
545 1197 652 1260 Asiam
673 1199 899 1278 percurrisset,
920 1195 1014 1258 finem
1034 1210 1134 1259 terra·

137 1300 209 1338 rum
234 1297 321 1342 mare
350 1279 513 1351 inyiseret.
555 1275 654 1337 Multa
676 1277 807 1338 materia
828 1278 945 1352 navalia
968 1277 999 1338 in
1028 1278 1175 1360 proxi-¹⁴

137 1359 196 1428 mis
215 1357 377 1418 montibus
399 1370 484 1418 erat:
519 1377 612 1440 quam
633 1356 770 1416 caedere
803 1357 946 1436 agressi
981 1357 1136 1438 magnitu-

138 1437 218 1496 dinis
233 1437 398 1496 inusitatae
420 1455 575 1519 reperere
598 1447 774 1531 serpentes.
804 1437 832 1502 R
858 1437 1038 1497 inocerotes
1056 1457 1137 1522 quo·
1164 1451 1177 1492 5

138 1537 217 1600 que,
239 1536 347 1588 rarum
376 1513 606 1596 alihi'animal,
639 1516 670 1576 in
698 1511 812 1574 iisdem
843 1516 1002 1578 montibus
1037 1529 1136 1578 erant.

139 1601 288 1657 Ceterum
319 1595 381 1654 hoc
409 1615 524 1654 nomen
553 1594 655 1653 beluis
684 1594 818 1656 inditum
847 1616 864 1654 a
894 1596 1041 1656 Graecis:
1070 1617 1137 1658 ser·

138 1676 239 1736 monis
269 1673 336 1742 eius
367 1671 468 1752 ignari
497 1672 582 1732 aliud
615 1673 721 1750 lingua
756 1691 812 1750 spa
846 1687 1008 1756 usurpant.
1054 1677 1174 1751 Rene

139 1754 260 1814 duabus
284 1750 418 1812 urbibus
441 1751 576 1818 conditis
592 1751 623 1810 in
644 1763 782 1832 utraque
805 1749 952 1826 lluminis,
975 1755 1063 1836 quod
1086 1777 1137 1814 su-

138 1844 320 1913 peraverat,
344 1831 424 1909 ripa,
446 1831 612 1910 copiarum
642 1831 738 1888 duces
761 1831 887 1891 coronis
910 1843 943 1890 et
970 1833 1054 1894 mille
1084 1855 1138 1893 au-

138 1914 202 1972 reis
223 1911 363 1993 singulos
386 1907 498 1969 donat:
533 1908 648 1968 ceteris
674 1927 805 1991 quoque
827 1929 886 1987 pro
909 1913 1058 1990 portione
1080 1925 1137 1970 aut

138 1991 264 2072 gradus,
287 2009 382 2071 quem
405 1988 434 2047 in
457 1987 592 2064 amicitia
610 1986 805 2061 obtinebant,
828 1999 882 2046 aut
906 1991 1037 2048 navatae
1062 2011 1136 2068 ope·

139 2092 212 2145 rae,
240 2069 341 2130 honos
378 2066 502 2126 habitus
532 2079 589 2128 est.
640 2066 807 2143 Abisares,
837 2065 892 2148 qui
920 2067 1010 2150 prius
1041 2089 1136 2150 quam
1160 2070 1171 2114 '¹

140 2171 212 2209 cum
236 2150 323 2211 Poro
352 2146 558 2214 dimicaretur
585 2146 707 2228 legatos
737 2145 776 2204 ad
805 2146 1020 2208 Alexandrum
1043 2147 1136 2210 mise·

139 2241 205 2306 rat,
231 2247 341 2289 rursus
366 2227 443 2286 alios
465 2225 567 2307 misit,
596 2226 802 2308 pollicentes,
830 2227 934 2289 cannia
959 2227 1134 2298 iacturum,

150 2368 331 2382 ——·-

207 2458 239 2520 a)
260 2461 293 2508 nl.
313 2459 541 2523 ceterum,Codd.
561 2471 663 2520 cetera,
681 2469 707 2511 et
732 2464 767 2512 ita
793 2461 927 2517 Schmied.
953 2463 1025 2514 Kok.
1050 2491 1084 2507 -
1108 2468 1139 2522 l'.

140 2525 386 2598 celebrandasque,
415 2529 488 2596 qttod
512 2529 612 2579 firmari
634 2529 737 2579 videtur
760 2525 880 2579 lectione
904 2529 1139 2604 celebrantesque,

89 2605 101 2618 ‘
141 2596 218 2659 quarn
238 2595 278 2647 Fl.
298 2596 374 2646 Voss.
396 2614 417 2650 t.
439 2604 463 2652 2.
484 2599 514 2648 D.
535 2599 562 2651 Β.
584 2602 608 2652 Q.
630 2599 657 2650 P.
679 2597 815 2646 exhibent.
833 2625 865 2635 -
882 2595 964 2652 Voss,
986 2605 1011 2651 Q.
1036 2609 1138 2667 tnannp.

141 2659 314 2775 dampnanda
333 2663 531 2716 turrtummodo.
548 2691 583 2703 -
611 2661 688 2715 Frsb.
709 2663 873 2731 repleturum
891 2665 1000 2728 Zumpt.
1033 2675 1140 2720 secutos

141 2736 182 2779 est
226 2745 278 2778 oss.
297 2745 322 2779 a.
1124 2773 1126 2776 -

180 2857 182 2860 Ι
209 2795 235 2860 3)
253 2795 327 2845 Frsb.
348 2796 530 2866 eontra'cptt.
550 2799 639 2855 Codd.
660 2808 686 2850 et
711 2808 773 2849 vett.
799 2796 868 2847 Edd.
893 2806 962 2852 maja.
986 2802 1045 2852 ord.
1066 2801 1144 2872 ψ».

72 2893 81 2900 -
141 2864 226 2911 matio
246 2861 458 2927 sittsflaefellernt
478 2885 532 2916 eos.
561 2899 594 2908 -
622 2869 693 2918 idem
713 2875 806 2916 centra
824 2867 865 2914 Fl.
887 2867 952 2921 aeid
979 2871 1055 2921 Voss.
1079 2885 1099 2922 1.
1119 2879 1144 2927 2.

141 2931 224 2994 Bong,
245 2928 390 2998 aedificari
408 2934 504 2982 omissa
521 2951 646 3002 praepos.
675 2959 705 2968 -
743 2932 819 2982 Frsb.
843 2948 891 2991 tor.
918 2939 1011 2987 Asiam
1029 2957 1144 3008 percur-

142 2999 256 3056 rr'ssent,
275 2999 309 3046 al.
332 3013 505 3063 per·rncnrr.;
523 3004 631 3070 Zumpt.
650 3011 757 3054 secutus
777 3006 948 3056 eat‘tteocr.

191 3063 242 3144 ’lt'
257 3065 363 3144 caucalis
383 3067 497 3118 materia
517 3077 617 3138 transp.
637 3072 716 3123 Voss.
737 3086 804 3125 a.»
821 3074 1046 3142 provinusitatne
1064 3077 1142 3127 Voss.

143 3141 165 3188 l.
183 3146 349 3184 rrrvrsrtntne.
408 3145 410 3154 ¹

209 3203 237 3256 51
256 3201 332 3251 Frsb.
352 3207 446 3252 contra
465 3201 504 3252 Fl.
524 3203 603 3258 Laid.
622 3203 701 3261 Voss.
723 3215 745 3266 ι.
767 3201 850 3258 debris
868 3210 927 3263 iis.

208 3270 237 3324 6t
260 3270 336 3320 Voss.
356 3285 381 3318 a.
397 3279 521 3331 cererem·
540 3273 580 3324 Fl.
600 3273 678 3326 Leid.
697 3278 777 3331 Voss.
798 3292 820 3328 a.
840 3279 873 3326 al.
892 3274 996 3344 gradu.
1015 3305 1046 3314 --
1064 3277 1144 3331 Frsb.,

142 3346 236 3387 contra
255 3346 323 3406 optt.
344 3336 431 3388 Codd.
452 3354 503 3407 pre
523 3343 645 3394 nmr'citt'n
664 3345 738 3395 dedit
757 3345 865 3398 militie.

193 3410 239 3469 ⁴5)
259 3407 313 3458 Pal.
338 3413 360 3462 1.
381 3425 544 3478 rursusque.
