2688 3872
181 325 228 376 ras
361 350 370 370 t
457 339 459 342 ·
531 317 841 382 o.cunr1·1nur1·

147 467 246 547 :mogi
267 465 460 546 supervenit·
505 465 579 554 Quo
608 477 780 546 conspecto
802 465 996 548 Alexander,
1010 465 1078 528 ¹iam
1101 489 1164 530 non

178 549 258 608 vitae
278 565 352 604 suae
373 545 429 604 sed
449 547 557 606 mortis
573 547 719 608 solatium
739 548 969 627 supervenisse
982 559 1085 622 ratus,
1109 549 1164 608 cli-

175 647 238 708 peo
266 625 432 706 fatigatum
462 646 579 706 corpus
610 625 746 706 excepit.
788 623 879 686 Subit
909 627 982 688 inde
1006 628 1163 698 Timaeus,

175 718 208 766 et
229 705 322 785 paulo
345 717 421 786 post
440 707 643 783 Leonnatus,
668 705 742 766 huic
772 707 939 768 Aristonus
967 709 1164 792 supervenit.

144 786 409 868 retudiquoque,
438 807 510 846 cum
540 787 621 846 intra
649 786 772 848 moenia
800 790 911 869 regem
938 806 1008 850 esse
1036 807 1164 869 compe·

169 867 305 948 rissont,
332 867 454 946 omissis
475 867 606 941 ceteris,
638 863 718 926 iliuc'
739 863 1164 950 concurrerunt‘urgebant-

175 967 238 1029 que
259 958 476 1028 protegentes.
496 956 497 960 ’
515 947 564 1026 Er
586 947 701 1028 quibus
723 947 879 1026 Timaeus,
900 947 1007 1026 multis
1029 948 1164 1020 adverso

177 1047 315 1120 corpore
336 1026 519 1108 vulneribus
546 1027 701 1108 acceptis,
729 1028 924 1110 'egregiaque
946 1026 1029 1112 edita
1049 1049 1164 1110 pugna,

145 1107 310 1184 ¹7cecrilit3
331 1107 505 1168 Peucestes
521 1104 650 1190 quoque
667 1105 767 1169 trihus
787 1107 896 1168 iaculis
913 1106 1077 1176 confossus
1102 1129 1166 1170 non

175 1208 209 1247 se
233 1186 336 1248 tamen
351 1186 452 1264 scuto,
473 1186 529 1246 sed
550 1207 672 1268 regem,
693 1187 859 1266 tuebatur3
880 1189 1069 1264 Leonnatus,
1090 1188 1166 1248 dum

177 1267 269 1328 avide
292 1271 436 1328 ‘ruentes‘
453 1267 604 1328 barbaros
631 1263 837 1344 summovet,
869 1269 996 1347 cervice
1024 1269 1165 1348 graviter

143 1347 236 1410 uicta
258 1347 444 1407 semianimis
472 1347 661 1428 procubuit¹
680 1359 750 1408 ante
779 1347 865 1430 regis
894 1348 1002 1429 pedes.
1048 1351 1166 1408 lamet

174 1419 348 1488 Peucestes
383 1427 566 1486 vulneribus
598 1427 749 1509 fatigatus
778 1419 975 1518 summiserit
1007 1429 1163 1510 clipeum:

12 1516 16 1524 ’
106 1577 113 1584 .
173 1495 375 1586 iu⁴Aristono
397 1527 468 1586 spes
493 1507 601 1566 ultima
623 1507 811 1572 haerebat*
826 1503 900 1590 Hios'v
913 1529 1041 1606 quoque
1062 1508 1164 1590 gravi·

150 1598 225 1664 ·tcr
252 1587 375 1646 saucius
412 1587 529 1647 tantam
560 1589 620 1648 vim
648 1586 786 1648 hostium
813 1589 896 1655 ultra
921 1600 1074 1650 sustinere
1101 1609 1164 1648 non

141 1665 311 1748 19poterat.
359 1667 445 1727 Inter
473 1667 551 1730 haec
585 1669 625 1728 ad
652 1667 840 1728 Macedonas
863 1663 979 1751 ‘regem
999 1661 1164 1729 ‘cecidisse

163 1731 258 1808 ‘tana
279 1747 401 1828 perlata
422 1755 488 1812 est.‘
522 1749 703 1808 Terruisset
723 1749 816 1818 alios,
848 1749 936 1831 quod
966 1749 1036 1810 illos
1058 1747 1165 1809 incita·

176 1824 245 1888 vit.'''
259 1830 401 1910 Namque
422 1829 557 1909 periculi
585 1828 683 1890 omnis
710 1828 911 1890 immemores
933 1828 1071 1890 dolabris
1092 1849 1166 1909 per·

175 1907 305 1990 fregere
326 1930 452 1968 murum
470 1907 520 1988 et,
542 1931 603 1992 qua
622 1909 724 1972 moliti
745 1907 833 1988 ‘erent
858 1909 994 1986 aditum,
1013 1909 1164 1991 irrupere

175 1987 207 2048 in
231 1988 356 2082 uphem,
377 1990 535 2072 Indosque
556 1991 670 2070 plures
685 1987 862 2070 fugientes,
892 2011 985 2072 quam
1014 1988 1166 2073 congredi

140 2061 278 2144 zoeusds',
300 2067 499 2146 cecideru'nt.'¹
535 2073 604 2128 Non
625 2067 749 2128 senibus
758 2067 771 2136 ζ
788 2089 851 2128 non
874 2065 1016 2144 feiuinis,
1037 2091 1099 2132 non
1120 2069 1165 2128 in-

132 2219 134 2223 ·
175 2147 314 2216 i'antibus
339 2148 493 2237 parcitur:
522 2149 663 2230 quisquis
686 2159 894 2224 occurrerat,
917 2149 956 2228 ab
977 2151 1032 2208 illo
1054 2150 1163 2210 vulne·
1222 2188 1227 2200 ·
1256 2210 1257 2218 ,

175 2237 279 2284 ratum
300 2247 411 2306 regem
433 2247 502 2288 esse
525 2228 707 2292 credebaut.
730 2228 935 2310 Tandemque
950 2228 1165 2290 internecione

138 2303 317 2378 2¹hostium‘
332 2307 432 2366 iustae
451 2307 520 2366 ¹irae
536 2307 739 2386 ‘parentatum
760 2320 817 2368 est.
859 2309 1087 2383 Ptolemaeum,
1132 2307 1165 2368 ui

146 2389 150 2398 ⁴
173 2381 287 2472 postea
306 2386 468 2466 regnavit,
492 2385 566 2446 huic
589 2386 714 2468 pugnae
739 2387 878 2464 affuisse,
900 2384 1081 2450 auctorest
1103 2332 1164 2448 dli-

174 2464 303 2550 tarchus
325 2476 356 2526 et
380 2465 577 2548 Timagenes.
602 2467 690 2528 .Sed'
703 2468 772 2549 ipse
800 2469 923 2545 seilicet
946 2469 1067 2550 gloriae
1089 2488 1165 2528 suae

173 2551 235 2608 uo‘n
257 2545 454 2628 refragatus,
467 2546 594 2628 afuisse,
622 2548 751 2628 missum
772 2547 803 2608 in
828 2549 1078 2631 expeditionem,
1100 2570 1165 2608 me·

173 2627 292 2692 moriae
318 2625 455 2703 tradidit.
504 2631 601 2688 Tanta
622 2628 886 2710 componentium'
904 2627 1030 2689 uetusta
1055 2650 1165 2688 rerum

172 2691 375 2772 monumenta
401 2708 452 2768 vel
472 2709 626 2769 securitas
648 2709 711 2787 vel,
732 2731 790 2791 par
813 2708 887 2769 huic
909 2702 1030 2786 titium,
1051 2709 1164 2769 credu-

173 2783 243 2868 litas
268 2787 345 2850 fuit!
487 2851 489 2858 ,
682 2788 683 2792 ’
881 2785 907 2840 '·

133 2886 172 2946 92
251 2871 341 2950 Rege
362 2867 394 2926 in
414 2866 654 2970 tabernaculum
679 2869 800 2946 relato,
828 2869 943 2954 medici
971 2869 1090 2952 liguum
1118 2889 1173 2928 sam

201 3016 362 3032 unt—p—

222 3139 266 3208 15)
285 3142 321 3190 al.
340 3143 433 3192 morti.

227 3215 269 3265 19]
289 3211 322 3258 ei.
344 3227 433 3259 omnes
453 3212 562 3262 immam.

227 3276 269 3343 ει)
290 3279 325 3330 Fi.
346 3279 420 3328 Leid.
439 3281 515 3330 Voss.
540 3299 561 3331 ι.
590 3281 711 3332 scribunt
731 3278 844 3348 afuisse,
862 3280 936 3329 Frsh.
963 3281 1101 3346 abscisam
1132 3284 1166 3333 ns.

173 3345 307 3398 umens.
328 3345 360 3396 aa
381 3347 476 3397 snum
493 3349 552 3398 un.
570 3351 643 3410 xm,
663 3351 722 3404 263.
742 3357 767 3399 a
789 3348 822 3398 aa
839 3345 896 3398 tu:
915 3350 961 3414 rr,
982 3367 1019 3414 η,
1033 3347 1166 3414 anxur,
1195 3343 1200 3349 ·
1291 3351 1295 3355 ·
1330 3341 1336 3414 ᾗ

173 3414 214 3476 [pt.
238 3431 276 3463 ιι.
301 3443 331 3453 -
348 3431 399 3483 pro
420 3428 532 3467 vetusta
551 3418 640 3473 Codd,
658 3425 804 3470 vetustate.
