2686 3876
419 359 464 416 DE
483 362 607 416 Gesrts
623 365 724 415 ALEX.
748 363 819 432 VIII,
844 378 886 419 ιο.
940 399 944 406 ·
1113 371 1145 422 ot

148 530 239 570 suum
262 530 297 573 ca
321 523 357 574 ut
381 511 513 572 alienam
535 509 659 571 cladem
686 529 755 572 ease
783 533 962 578 versurum.
1013 515 1056 575 Et
1075 513 1182 595 ipsane

145 591 275 673 quidem
291 531 491 672 dysimithres
506 590 700 652 deditionem
719 593 889 652 annuebat:
912 589 1056 656 ceterum
1077 615 1144 654 ma·
1212 609 1216 614 ·

142 681 195 731 ter
223 671 334 732 eedem
360 689 399 732 ue
428 671 544 731 coniux
567 669 754 730 morituram
785 690 819 732 se
846 685 917 734 ante
947 674 1144 750 denuntians,

120 805 123 809 .
144 771 240 834 quam
264 751 296 810 in
316 695 411 812 uilius
430 751 556 811 veniret
575 760 785 831 potestatem,
805 751 930 812 barbari
951 755 1088 815 animum
1103 755 1143 814 ed

52 905 58 913 ,
142 829 326 894 honestiora
349 849 445 916 quam
467 829 594 892 tutiora»
610 840 828 904 converterat,
850 833 1075 916 pudebatque,
1107 834 1143 894 li·

141 910 276 973 bertatis
291 912 391 972 maius
408 929 478 972 esse
493 911 577 990 apud
594 907 727 969 feminas
742 929 836 1004 quam
858 912 942 991 apud
963 913 1048 974 viros
1067 933 1142 994 pre·

141 993 232 1052 tium.
273 993 402 1073 ltaque,
429 990 558 1050 dimisso
583 989 777 1051 internuntio
806 990 911 1072 pacis,
943 991 1192 1058 obsidionemss'

140 1071 232 1133 ferre
254 1073 455 1134 decreverat.
498 1068 562 1129 Sed
584 1089 656 1130 oum
676 1069 775 1131 hostis
796 1070 881 1131 vires
907 1091 1043 1152 suesque
1063 1093 1139 1154 pen·

68 1155 70 1160 ’
142 1163 238 1226 seret,
260 1169 371 1211 rursus
392 1147 555 1210 muliebris
582 1150 722 1228 consilii,
756 1150 844 1236 quod
864 1169 1021 1244 praeceps
1042 1154 1140 1234 magia

142 1252 239 1313 quem
258 1229 471 1290 necessarium
492 1247 562 1290 esse
583 1229 754 1309 credebat,
807 1242 950 1292 oenrtere
973 1251 1047 1290 eum
1068 1251 1141 1292 coe·
1189 1269 1192 1276 =

140 1311 207 1390 pit:
229 1320 446 1393 revocatoque
470 1321 599 1371 amenus
621 1309 753 1387 Oxarte,
778 1253 924 1372 diturum
948 1310 1035 1372 sein
1056 1312 1176 1393 regisse
1248 1307 1251 1314 '

141 1400 303 1470 potestate
326 1389 502 1470 respondit,
521 1411 619 1451 unum
642 1405 803 1473 precatus,
823 1411 864 1451 ne
885 1393 1082 1454 voluntatem
1106 1403 1139 1452 et

142 1469 305 1531 consilium
326 1470 433 1530 metris
456 1489 531 1532 suae
552 1470 728 1553 proderet,
749 1491 814 1555 quo
835 1471 959 1534 l'eoilius
980 1472 1071 1534 venia
1092 1471 1137 1532 illi

140 1571 272 1633 quoque
312 1549 550 1632 impetraretur.
607 1553 822 1613 Praemissum
856 1552 954 1646 igitur
993 1552 1172 1616 Oxartenst

140 1649 213 1690 oum
244 1642 345 1691 matre
371 1630 545 1714 liberisque
574 1643 606 1691 et
625 1632 724 1692 totius
752 1651 790 1693 co
835 1634 946 1694 atronis
967 1653 1065 1714 grege
1087 1654 1136 1694 se·

162 1709 307 1786 uebatur,
328 1729 369 1770 ne
391 1721 575 1790 exspectato
600 1711 730 1794 quidem
759 1709 834 1770 liei
863 1712 1018 1792 pignore,
1048 1713 1136 1796 quod

93 1803 96 1810 ’
137 1731 276 1852 dxartes
297 1789 499 1871 promiserat.
541 1792 623 1862 Rex,
644 1791 753 1872 equite
774 1791 966 1872 praemisso,
1001 1793 1056 1873 qui
1084 1807 1170 1854 re-sa

136 1870 221 1931 verti
244 1891 299 1931 eos
320 1867 449 1927 iuberet
479 1869 686 1960 opperirique
714 1869 923 1950 praesentiam
945 1870 1057 1950 ipsius,
1085 1891 1136 1930 su-

135 1951 302 2044 pervenit3
335 1959 368 2007 et
396 1946 533 2008 victimis
563 1947 724 2009 Minervae
759 1966 795 2007 ac
830 1947 992 2010 Victor-isc
1025 1951 1134 2022 csesis,

136 2029 307 2112 imperium
331 2024 509 2106 Sysirnithri
528 2027 687 2103 restituit,
719 2048 775 2122 spe
795 2027 923 2088 maioris
945 2028 1037 2088 etiem
1059 2049 1133 2110 pro·
1179 2043 1182 2054 ’

135 2110 258 2172 vinciae
280 2109 379 2176 facts,
411 2106 437 2166 si
461 2126 533 2167 cum
559 2105 623 2168 lide
656 2107 821 2168 amicitiam
848 2107 945 2190 ipsius
972 2107 1132 2170 coluIssst.

134 2191 226 2251 Duos
252 2190 298 2250 illi
326 2189 457 2250 iuvenes
484 2199 576 2269 petre
610 2189 772 2264 tradente,
803 2207 912 2250 seeum
943 2187 1171 2251 militaturosst

131 2270 227 2354 ‚sequi
257 2271 358 2331 iussit.
670 2269 676 2276 ’

214 2352 339 2412 Relicta
361 2346 477 2408 deinde
497 2346 669 2431 phalange,
693 2347 733 2408 ed
755 2349 827 2410 sub‘
851 2348 968 2425 eudes,
998 2369 1053 2433 qur
1075 2350 1168 2416 derltl

133 2430 308 2500 fecerant,
325 2449 397 2491 cum
427 2429 535 2522 equite
566 2429 733 2509 processit.
778 2433 823 2490 Ar
848 2451 923 2490 uum
945 2441 979 2490 et
999 2430 1166 2512 impedi-st

134 2521 202 2570 tum
227 2513 307 2572 saxis
332 2511 395 2572 iter
416 2529 521 2590 primo
535 2521 699 2602 utcunque
720 2510 909 2572 tolerabant.
933 2512 1008 2570 idox
1029 2529 1128 2592 equo·
1175 2535 1182 2564 :

41 2635 44 2642 .
133 2611 204 2649 rum
223 2614 286 2655 non
308 2589 434 2675 ungulis
452 2589 552 2650 modo
582 2601 716 2665 attritu,
746 2591 802 2652 sed
822 2589 1013 2672 corporibus
1034 2591 1129 2650 etium

134 2667 283 2751 fatigatis,
304 2670 395 2755 sequi
442 2669 568 2752 lerique
589 2690 652 2730 non
674 2681 843 2750 poterant,
859 2681 906 2730 ¹et
929 2668 1034 2729 rarius
1055 2667 1128 2728 aub-

134 2747 208 2808 inde
237 2771 347 2832 agmen
373 2690 480 2824 tiebat,
508 2749 685 2831 pudorem,
721 2763 758 2812 ut
784 2750 855 2810 fere
877 2747 929 2826 fit,
958 2748 1127 2810 immodico

133 2826 247 2889 labore
267 2829 422 2894 vincente.
468 2833 539 2890 Rex
558 2841 681 2907 tamen,
709 2830 842 2891 subinde
857 2848 970 2912 ‚equos
993 2840 1165 2897 mutuasse

44 2969 47 2974 .
132 2908 200 2969 sine
228 2908 459 2972 intermissione
484 2909 644 2992 fugientes
665 2911 904 2997 insequebatur.
932 2907 1063 2971 Nobiles
1081 2909 1127 2972 iu·
1167 2949 1169 2954 -

132 3063 325 3080 m

182 3176 215 3230 as
249 3191 299 3244 pro
319 3172 400 3226 ullius
420 3172 497 3224 Voss.
516 3190 540 3229 a.
558 3173 614 3226 Pal.
635 3175 792 3227 1.Theocr.
812 3175 895 3228 illius.

181 3249 213 3301 29
243 3245 300 3298 Pul.
319 3259 345 3298 1.
363 3239 456 3293 hostes
474 3243 602 3312 viresque
621 3261 695 3294 suas.

178 3318 213 3368 30
244 3321 311 3380 optt.
331 3310 420 3366 codd,
439 3327 500 3362 cum
518 3311 587 3362 Edd.
607 3321 679 3376 vett,
697 3312 868 3379 imprecatus.

178 3383 210 3446 33
260 3398 291 3431 ro
311 3377 478 3448 ”abigendos
497 3379 553 3430 Pal.
571 3395 594 3435 1.
612 3379 822 3449 persequendos.

181 3451 213 3502 35
241 3399 320 3504 bosa.
343 3465 368 3500 a.
387 3449 445 3500 Pul.
466 3465 488 3500 1.
507 3446 576 3518 ΕΜ.
595 3457 658 3500 vett.
676 3450 804 3500 comitare
811 3465 822 3512 ,·
847 3447 881 3500 cl.
897 3445 1019 3498 lluddim.
1031 3449 1053 3516 l,
1065 3467 1131 3528 „I”

908 3539 954 3601 5,
