2688 3872
427 359 471 408 DE
492 357 613 408 Gssst‘ls
636 357 735 424 Alex.
755 358 795 418 X,
814 373 855 404 aa.
1090 356 1136 408 187

148 525 216 566 csse
238 504 409 565 credebat.r
441 506 551 586 ltaque
574 513 753 571 cunctatus,
786 501 902 584 diuque
930 503 1010 586 quid
1032 511 1178 584 agerem
1204 531 1207 537 ·

148 587 296 658 incertus,
318 585 356 644 ad
378 582 521 644 ultimum
545 595 649 644 tamen
669 582 819 658 recessit,
846 594 878 642 ct
903 595 975 664 post
997 603 1062 660 eos,
1085 583 1138 666 qui

145 665 293 726 sederant
315 662 459 744 proximi,
480 663 630 725 constitit.
957 723 959 728 ,

224 749 267 806 At
288 743 465 824 Meleager,
496 764 575 802 unus
597 763 615 802 c
636 741 785 816 ducibus,
815 739 999 804 confirmato
1024 744 1179 824 animo,21

146 847 240 908 quem
271 823 447 902 Perdiccae
476 823 633 882 cunctatio
664 833 827 898 erexerat,
855 825 922 882 Nec
944 824 996 882 ttii
1019 823 1138 898 sierint,

145 907 261 988 inquit,
281 915 318 963 ut
338 901 509 962 Alexandri
536 904 663 962 l'ortuna
685 893 827 985 tantique
857 904 947 983 regni
979 903 1139 986 fastigium

145 988 177 1045 in
203 986 283 1044 istos
302 983 453 1045 humeros
478 995 565 1043 ruat:
587 983 729 1044 homines
755 983 843 1042 certe
864 1006 926 1044 non
949 983 1063 1045 ferent.
1087 983 1139 1042 Ni·

145 1063 189 1124 hil
218 1063 289 1124 dico
314 1062 354 1124 de
380 1063 604 1134 nobilioribus,
632 1085 725 1146 quam
750 1061 803 1123 hic
828 1075 891 1138 est,
921 1065 977 1124 sed
1000 1064 1039 1123 de
1064 1063 1136 1122 viris

60 1160 64 1176 “
145 1155 283 1218 tantum,
305 1143 424 1226 quibus.
439 1143 544 1204 inritis
571 1144 647 1204 nihil
667 1143 797 1224 perpeti
817 1163 948 1204 necesse
969 1155 1026 1203 cst.
1068 1145 1177 1216 Netos

147 1244 226 1286 vero
248 1224 389 1299 interest,
406 1225 552 1284 Roxanes
576 1222 685 1293 lilium,
708 1223 897 1307 quandoque
919 1224 1044 1307 genitus
1067 1225 1138 1297 crit,

149 1326 185 1362 an
210 1304 396 1365 Perdiccam
418 1324 529 1385 regem
550 1303 710 1380 habeatis,
737 1324 808 1364 cum
840 1307 900 1366 iste
929 1305 987 1364 sub
1019 1305 1139 1365 tutelae

146 1385 252 1463 specie
273 1405 406 1466 reguum
429 1387 645 1466 'occupaturus
667 1385 715 1446 sit.
759 1386 869 1468 ltaque
898 1405 991 1447 nemo
1024 1385 1053 1446 ei
1082 1405 1139 1444 rex

145 1465 260 1546 placet,
280 1464 338 1524 nisi
361 1464 415 1547 qui
435 1465 574 1530 nondum
597 1478 688 1526 natus
711 1477 769 1541 est,
795 1476 827 1525 et
847 1467 878 1525 in
898 1477 982 1526 tanta
1001 1467 1139 1528 omnium
1163 1531 1167 1539 f

144 1543 359 1621 festinatione,
389 1565 453 1604 non
481 1545 561 1605 iusta
589 1547 707 1621 modo,
741 1545 799 1606 s'ed
828 1545 922 1606 etiam
950 1545 1139 1620 necessaria,

145 1637 271 1687 exactos
292 1645 416 1686 menses
438 1625 524 1685 solus
547 1637 720 1706 exspectat,
746 1637 783 1685 et'
798 1625 859 1685 iam
880 1627 995 1686 divinat
1017 1647 1138 1686 marem

146 1727 215 1766 esse
241 1716 449 1785 conceptum3
472 1726 567 1798 quem
590 1727 646 1766 vos
668 1703 819 1784 dubitetis
840 1718 982 1786 paratum
999 1727 1069 1766 esse
1085 1705 1138 1765 vel

145 1784 304 1846 subdere?
350 1784 383 1844 Si
405 1784 622 1846 mcdmsfidius
653 1785 833 1846 Alexander
861 1785 944 1846 hunc
970 1784 1062 1844 nobis
1087 1806 1174 1848 rear

144 1887 216 1949 gem
237 1885 297 1946 pro
320 1885 353 1924 se
374 1865 572 1947 reliquisset,
592 1865 624 1924 id
649 1865 751 1925 solum
773 1885 811 1924 ex
832 1863 899 1936 his,
928 1886 1009 1947 quae
1037 1865 1136 1945 impe·

144 1957 255 2020 rasset,
278 1967 341 2004 non
362 1945 541 2005 laciendum
558 1964 627 2004 esse
649 1964 837 2004 censerem,
863 1945 948 2032 Quin
975 1945 1071 2026 igitur
1099 1943 1172 2012 adas

145 2025 341 2107 diripiendos
362 2025 527 2086 thesauros
550 2021 753 2084 discurritis?
781 2023 892 2084 harum
928 2025 1010 2084 enim
1039 2046 1136 2106 opum

144 2109 305 2188 regiarum
341 2106 450 2186 utique
483 2104 620 2186 populus
649 2116 696 2164 est
721 2102 825 2164 heres.
874 2107 963 2165 Haec
993 2105 1174 2168 elocutusaa

146 2209 206 2264 prr
233 2187 355 2254 medios
384 2195 519 2245 armatos
552 2185 676 2264 erupit,
701 2185 809 2266 etqui
831 2185 958 2244 abeunti
982 2185 1061 2245 viam
1084 2187 1138 2246 de·

52 2297 58 2303 ’
145 2267 271 2344 derant,
298 2267 401 2348 ipsum
424 2265 462 2326 ad
483 2265 715 2346 pronuntiatam
736 2265 887 2346 praedam
915 2263 1138 2350 sequebantur.

145 2409 191 2446 W
297 2349 424 2430 lamque
445 2358 637 2406 armatorum
660 2346 743 2406 circa
764 2347 958 2430 Meleagrum
981 2345 1176 2434 l'requensoq

194 2427 329 2520 ‘globus
360 2438 444 2502 crat,
472 2428 503 2487 in
533 2427 720 2490 seditionem
756 2446 790 2486 ac
821 2427 1009 2489 discordiam
1043 2424 1155 2490 versa*

147 2525 314 2583 concione;
345 2529 416 2568 cum
441 2509 567 2590 quidam
587 2509 748 2588 plerisque
778 2507 987 2580 Macedonum
1009 2507 1136 2588 ignotus

146 2605 185 2642 ex
206 2584 307 2646 inlima
324 2589 430 2666 plebe,
453 2589 539 2674 Quid
560 2607 640 2666 opus
663 2598 718 2655 est,
739 2586 850 2666 inquit,
871 2587 963 2644 armis
987 2587 1136 2670 civilique
1160 2609 1175 2648 2

145 2663 247 2738 bellu,
269 2665 457 2726 habentibus
478 2687 600 2744 regem,
621 2685 715 2746 quem
731 2661 906 2744 quaeritis?
929 2665 1134 2741 Arrhidaeus,

146 2743 294 2827 Philippo
316 2747 459 2828 genitus,
488 2744 659 2836 Alexaqdri
686 2744 780 2824 paulo
809 2755 879 2803 ante
914 2747 1000 2828 regis
1024 2746 1136 2824 irater,

156 2915 333 2935 Q...-

194 3055 239 3110 20)
258 3049 392 3100 Schmied.
413 3067 470 3100 cum
489 3051 544 3099 Pal.
568 3067 588 3100 t.
608 3049 723 3099 Theocr.
744 3065 791 3097 nee
816 3047 977 3114 Dr'iserant,

196 3125 241 3180 or)
260 3121 338 3186 vulgo
358 3117 577 3188 quartdocunque
597 3119 680 3186 grm't.
700 3145 730 3154 -
751 3117 824 3170 Frsb.
846 3115 1041 3168 contra‘Cotld.
1054 3113 1134 3165 doti-

146 3197 222 3235 totas.

194 3255 236 3318 uu)
257 3257 338 3318 Boug.
359 3262 458 3321 transp.
479 3271 567 3319 regom
586 3255 675 3315 nobis,
694 3255 804 3303 Vossa.
824 3239 900 3302 nolis
913 3271 965 3320 pro
983 3271 1011 3301 se
1030 3251 1137 3319 regem!

145 3352 176 3362 —
196 3324 271 3374 Frslt.
293 3324 376 3372 invitis
396 3322 483 3377 Codtl.
505 3342 537 3370 er
557 3326 612 3372 iis.

194 3391 237 3456 24)
256 3397 339 3460 plurr.
361 3391 447 3441 Codd.
464 3395 705 3458 prueutmticmtem
722 3390 863 3460 praedam.

215 3467 239 3524 ι)
260 3459 345 3513 Cudd.
366 3463 471 3512 concio.
