2686 3876
120 375 121 384 Ν
195 367 229 427 tc
446 376 449 385 ·
563 359 598 428 o.
613 341 737 420 'cuitu
755 357 835 417 nutu

193 505 438 591 Herculemque
461 517 494 567 et
512 506 644 567 Patrem
664 505 817 574 Liberum
831 517 864 568 et
886 526 958 568 cum
978 505 1112 574 Polluce
1138 505 1198 569 Ca·

196 601 322 650 ctorem
342 607 427 652 novo
450 588 569 649 numini
590 607 737 650 cessuros
761 607 830 648 esse
850 586 1015 649 iactabant.

157 665 198 727 18
277 668 379 751 Igitur
398 666 483 729 festo
506 667 559 727 die
575 667 660 726 omni
675 667 836 748 opulentia
853 667 1033 728 convivium
1049 667 1198 728 exornari

197 749 301 824 lubet,
322 748 375 810 cui
395 766 457 807 non
477 747 669 808 Macedones
690 748 842 810 modoet
869 747 1000 826 Graeci,
1034 747 1198 830 principes

197 829 382 905 amicorum,
403 827 460 888 scd
482 827 576 896 etiam
600 825 725 901 nobiles
747 827 984 892 adhiberentur.
1026 831 1107 890 Cum
1128 825 1199 908 qui·

196 909 256 970 bus
283 929 356 969 cum
377 905 591 968 discubuisset
609 927 678 984 rex,
699 908 863 990 paulisper
883 909 1027 1000 epulatus
1049 907 1197 979 convivio

161 989 373 1071 toegreditur.
415 987 513 1064 Cleo,
545 987 627 1048 sicut
654 1000 882 1070 praeparatum
902 999 992 1061 erat,
1015 1003 1199 1052 sermonem

117 1083 120 1088 '
185 1081 270 1141 scum
292 1065 499 1130 admiratione
523 1067 743 1128 laudum'eius'
762 1068 908 1134 instituit.
945 1069 1065 1130 Merita·
1081 1067 1199 1128 deinde

198 1150 399 1232 percensuit,
422 1146 538 1246 quibus
564 1167 629 1208 uno
656 1147 754 1217 modo
782 1147 901 1210 referri
930 1149 1065 1230 gratiam
1089 1167 1200 1230 posse,

157 1247 161 1262 ·
199 1231 236 1298 si,
284 1226 595 1308 uemintelligerent
609 1227 704 1287 deum
719 1247 799 1304 esse,
821 1227 1060 1300 confiterentur,
1084 1228 1210 1312 exigua

163 1309 299 1371 arthurus
319 1309 462 1390 impensa
482 1315 568 1366 tenta
593 1305 747 1367 beneficia
775 1309 947 1400 pensaturi.
989 1311 1105 1371 Persas
1130 1308 1200 1392 qui-

194 1391 271 1466 'dem
291 1410 356 1467 non
385 1386 438 1468 pie
466 1386 569 1446 solum
596 1386 652 1446 sed
683 1387 776 1459 etiarn
800 1387 1102 1472 prudenter-reges
1124 1409 1199 1451 suos

196 1471 281 1531 inter
312 1469 391 1528 deos
416 1467 541 1528 colere:
586 1467 782 1528 maiestatem
812 1469 893 1529 enim
929 1469 1055 1552 imperii
1088 1470 1198 1530 salutis

199 1570 270 1612 esse
295 1547 438 1622 tutelam.
474 1548 522 1607 Ne
546 1548 723 1608 Herculem
746 1548 881 1632 quidem
896 1561 929 1611 et
952 1553 1082 1611 Patrem
1102 1549 1199 1610 Libe·

155 1633 159 1640 '
198 1627 270 1704 rom
291 1629 380 1719 prius
397 1626 525 1694 dicatos
549 1627 645 1704 deos,
676 1635 770 1716 quant
793 1629 941 1692 vicissent
961 1645 1070 1692 aecum
1091 1631 1199 1690 viven-

196 1710 276 1773 tium
305 1707 470 1770 invidiam:
513 1709 697 1783 tantundem
733 1729 863 1793 quoque
900 1723 1048 1794 posteros
1085 1710 1199 1780 crede·

164 1805 245 1868 arro,
268 1800 419 1878 quantum
443 1805 594 1870 praesens
616 1800 701 1854 aetas
721 1789 953 1872 spopondisset.
994 1791 1120 1884 Quodsi
1146 1810 1198 1851 ce·
1236 1793 1237 1800 ’

197 1871 263 1932 teri
281 1869 438 1944 dubitent,
461 1869 681 1949 semetipsum,
707 1875 779 1930 cum
800 1890 858 1932 rex
878 1871 985 1934 inisset
1006 1871 1198 1946 convivium,

157 1954 167 1962 ’“
198 1961 435 2040 prostraturum
455 1947 544 2008 humi
569 1968 697 2029 corpus.
746 1949 883 2012 Debere¹
905 1953 989 2014 idem
1017 1952 1126 2014 facere
1148 1971 1199 2012 ce-

198 2043 299 2108 teros,
328 2041 362 2090 et
393 2028 535 2109 inprimis
565 2029 719 2109 sapientia
748 2029 927 2111 praeditos:
957 2034 996 2107 ab
1023 2033 1086 2094 illis
1115 2031 1199 2093 enim

163 2113 305 2175 sacultus
337 2110 369 2168 in
395 2129 507 2188 regem
540 2109 721 2188 exemplum
752 2113 825 2169 'esse
857 2113 1066 2193 prodendum.
1103 2110 1200 2172 Haud

199 2192 354 2273 perplexe
377 2189 409 2247 in
429 2185 644 2248 Callisthenen
670 2187 869 2270 dirigebatur
898 2195 1011 2256 oratio.
1052 2192 1199 2254 Gravitas

160 2275 163 2288 '
200 2271 320 2330 viriet
341 2279 490 2354 prompta
516 2265 646 2326 libentes
667 2267 767 2327 invisa
790 2283 859 2332 erat
878 2273 965 2358 regi,
994 2275 1084 2358 quasi
1111 2273 1198 2334 solus

199 2349 391 2412 Macedonas
411 2357 541 2428 paratos
564 2345 604 2405 ad
624 2346 688 2408 tale
710 2347 898 2446 obsequium
919 2366 1109 2423 moraretur.

163 2438 199 2504 19
281 2432 308 2489 Is
329 2441 397 2496 tum
419 2427 544 2487 silentio
564 2426 669 2504 lacto,
696 2448 793 2491 unum
819 2431 908 2494 illum
935 2435 1129 2496 intuentibus
1147 2453 1198 2494 ce-

199 2510 295 2583 teris,
321 2509 355 2570 Sl
375 2527 452 2584 rex,
485 2507 603 2590 inquit,
633 2507 773 2566 sermoni
804 2519 861 2576 tuo
888 2515 1047 2587 affuisset,
1080 2515 1198 2574 nullius

197 2590 353 2676 'profecto
375 2609 438 2650 vox
459 2585 645 2667 responsuri
666 2587 1000 2656 tibidosiderarctur:
1022 2597 1091 2678 ipse
1114 2595 1196 2656 enim

197 2683 346 2755 peter-et,
374 2689 414 2728 ne
443 2667 474 2727 in
497 2665 684 2749 peregrinos
715 2679 926 2759 externosque
955 2677 1034 2737 ritus
1059 2676 1196 2755 degene-

199 2755 329 2823 rare'ise
351 2768 505 2839 cogeret,
525 2768 588 2812 neu
607 2746 707 2814 rebus
728 2745 909 2826 felicissime
932 2757 1029 2842 gestis
1049 2755 1196 2818 invidiam

201 2927 401 2942 ’.σν-*ιι-

251 3000 296 3053 10)
314 2994 389 3044 Frsb.
408 2987 481 3047 sicui
498 2990 839 3065 praeparauerat‚*contra
861 2998 901 3049 Fi.
925 2997 958 3049 D.
978 2997 1060 3065 Boug.
1077 3015 1195 3068 proepa-

200 3074 281 3114 rctns
297 3063 420 3142 'Titeocn
435 3091 469 3104 -
486 3063 558 3116 idem
578 3067 676 3133 gratia
692 3079 803 3137 posset,
826 3069 890 3118 item
909 3075 1003 3118 contro
1020 3067 1197 3136 opu-Coun.

200 3141 397 3188 auctoritatem.

254 3201 296 3265 ιι)
314 3199 388 3250 Frsh.
408 3216 456 3249 trec
473 3199 554 3250 Herc.
572 3219 604 3237 -
625 3202 743 3258 Theocr.
761 3205 910 3264 vivariam

255 3267 293 3331 13)
313 3267 385 3319 idem
405 3276 506 3336 transp.
532 3286 586 3318 csse
603 3271 775 3339 prodendum
801 3269 953 3340 eucarpium.
974 3287 1021 3309 ·-
1056 3271 1138 3339 Bong.
1161 3270 1200 3321 nd

201 3337 256 3386 tale
274 3337 332 3386 obs.
350 3347 478 3404 puratos,
498 3345 553 3387 mut
572 3337 631 3388 ord.

253 3404 296 3472 14)
316 3406 391 3456 Voss.
411 3421 435 3454 a.
457 3405 533 3454 illrum
553 3416 622 3457 tum
641 3409 739 3458 omisso
760 3423 893 3458 unum·
914 3387 1105 3485 extortamque,
1124 3407 1197 3476 quod

202 3472 301 3550 hubent
318 3475 358 3524 Fl.
377 3474 455 3546 Leid3
472 3475 549 3526 Voss.
571 3492 603 3541 1.‚
623 3477 642 3526 F
646 3476 702 3526 rsh.
722 3475 807 3526 omitt.
972 3545 975 3551 Ι
1024 3499 1026 3506 ·
