2686 3876
393 401 437 451 m
456 393 578 450 casus
598 393 699 450 mcx.
724 399 783 464 vu,
806 417 843 466 17.
1076 405 1108 456 u

119 539 293 612 ll'ribiturus.¹
322 539 480 612 ¹Alienum
505 547 603 608 babes
637 566 787 628 regnum,
824 567 889 632 quo
918 546 1043 608 facilius
1070 569 1147 616 eost

119 651 242 692 careas.
283 630 417 708 Incipias
446 629 579 686 lbrsitan
607 627 708 686 iustus
736 647 807 688 esse
838 651 912 704 rex,
942 649 1013 688 cum
1040 629 1109 710 ipse

116 713 252 784 lbcerit,
279 711 335 793 qui
362 707 422 768 tibi
449 719 483 766 ct
514 708 591 767 dare
616 718 724 788 potest
751 729 882 791 regnum
911 722 944 770 et
972 708 1108 789 eripere.

116 793 293 854 Consilium
314 790 410 849 habes
430 786 536 863 fidele,
556 789 643 871 quod
671 788 787 847 diutius
807 791 935 874 exsequi
961 809 1146 869 superte-rs

100 885 216 938 „uuum
237 884 295 931 est.
334 869 457 930 Nobilis
478 888 580 951 equus
600 867 713 928 umbra
741 889 872 952 quoque
901 871 1007 952 virgae
1028 870 1110 953 regi·

115 967 190 1030 tur;
211 953 341 1033 ignavus
366 969 404 1008 ne
434 948 549 1009 calcari
570 948 698 1032 quidem
719 949 872 1013 concitari
893 963 1008 1030 potest.
1034 957 1149 1013 Bes-rs

115 1055 185 1110 sus,
206 1045 240 1092 ct
259 1031 386 1112 ingenio
413 1041 445 1089 ct
466 1031 567 1090 multo
586 1049 675 1088 mero
696 1029 801 1104 ferox,
823 1029 903 1090 adeo
926 1033 1054 1105 exarsit,
1077 1046 1111 1094 ut

115 1115 174 1176 rix
205 1113 244 1172 ab
279 1110 404 1186 amieis,
452 1129 516 1191 quo
551 1111 653 1170 minus
691 1110 855 1172 occideret
895 1131 985 1182 eum,
1026 1115 1110 1193 (nam

117 1195 292 1255 strinxerat
312 1207 443 1272 quoque
465 1190 648 1268 acinacem)
670 1191 895 1262 contineretur.
907 1257 909 1262 ,
921 1193 1016 1250 Certe
1038 1211 1111 1251 con·

117 1274 207 1336 vivio
231 1270 381 1353 prosiluit
401 1270 642 1355 haudquaquam
669 1285 782 1352 potens
802 1272 925 1350 mentis.
971 1270 1113 1331 Gobares

119 1357 205 1414 i'nter
225 1352 393 1411 tumultum
414 1354 538 1433 elapsus
559 1352 598 1412 ad
621 1352 833 1412 Alexandrum
856 1351 1036 1433 transfugit.

132 1471 137 1482 ,
204 1435 260 1496 Vll
286 1433 371 1492 milia
400 1434 643 1494 Bactrianorum
674 1433 812 1493 habebat
843 1445 959 1492 armata
985 1437 1153 1512 Bessus‚17

123 1535 216 1598 quae,
236 1514 384 1597 quamdiu
402 1525 537 1595 propter
562 1514 645 1574 coeli
671 1515 891 1596 intemperiem
919 1513 1036 1574 Indiam
1059 1535 1113 1594 po·

122 1601 184 1656 tius
207 1595 394 1656 Macedonas
418 1595 574 1676 petituros
603 1593 821 1668 crediderant,
850 1595 1038 1655 obedienter
1056 1595 1112 1654 im-

122 1689 232 1760 perata
255 1675 441 1750 ‘secerunt3
481 1686 651 1756 postquam
693 1674 864 1734 adventare
900 1675 1114 1734 Alexandrum

124 1769 324 1838 compertum
344 1767 402 1827 est,
422 1755 454 1813 in
475 1775 549 1814 suos
596 1755 707 1845 uisque
728 1755 814 1814 vicos
839 1755 960 1834 dilapsi,
980 1757 1114 1813 Bessum

99 1835 336 1917 'reliquerunt
378 1833 448 1892 llle'
465 1853 537 1892 eum
564 1775 725 1890 direntium
752 1855 862 1906 manu,
890 1835 1027 1914 quinon
1048 1849 1159 1892 must·

127 1927 271 1974 laverant
291 1914 406 1984 fidem,
435 1911 508 1972 Oxo
531 1929 619 1970 amne
641 1923 806 1990 superato,
829 1913 1010 1992 exustisque
1031 1913 1116 1972 nari·

127 1994 197 2076 giis,
214 1993 329 2076 quibus
348 1992 532 2064 transierat,
560 2011 600 2049 ne
621 1989 733 2049 iisdem
753 1990 854 2062 hostis
875 2003 1037 2068 uteretur,
1061 2011 1118 2051 no*

125 2095 181 2136 ras
203 2075 308 2155 copias
328 2073 358 2131 in
380 2071 543 2154 Sogdianis
566 2070 780 2153 contrahebat.

204 2154 386 2215 Alexander
404 2155 577 2213 Caucasum
593 2151 730 2235 quidem,
752 2165 898 2234 utsupra
918 2150 1037 2228 dictum
1059 2150 1159 2230 est,22‘

125 2237 301 2311 transierat,
322 2235 379 2294 sed
399 2235 504 2315 inopia
527 2232 677 2292 frumenti
697 2253 800 2315 prope
831 2235 869 2294 ad
898 2231 1015 2293 famem
1042 2255 1118 2296 ren·
1170 2282 1172 2293 .

125 2329 193 2379 tum
221 2322 300 2378 eratL
345 2315 449 2377 Sueeo
483 2335 523 2374 ex
561 2333 681 2374 sesama
716 2335 867 2396 expresso
907 2315 991 2375 haud
1027 2337 1155 2391 secus23

127 2409 221 2481 quam
243 2397 316 2457 olco
338 2407 422 2456 artus
443 2393 673 2477 perungebant.
715 2393 780 2455 Sed
800 2395 892 2455 huius
913 2395 1001 2457 succi
1021 2395 1116 2456 duce·

126 2479 173 2537 nis
202 2475 411 2559 quadragenis
449 2476 583 2536 denariis
618 2475 788 2556 amphorae
823 2478 984 2556 singulae,
1014 2477 1117 2538 mellis

128 2557 264 2617 denariis
284 2559 422 2617 trecenis
444 2555 630 2637 nonagenis,
659 2559 796 2616 trecenis
825 2558 887 2618 viui
915 2558 1117 2618 aestimaban-

129 2645 200 2712 tnr3
221 2637 434 2714 tritici-nihil,
456 2631 509 2698 aut
528 2636 698 2696 admodum
719 2639 769 2698 exi
793 2659 867 2698 uum
886 2659 922 2698 re
948 2636 1117 2696 eriebatur.

130 2715 218 2775 Siros
238 2717 392 2778 vocabant
416 2717 554 2795 barbari,
577 2717 720 2800 quesita
742 2659 892 2780 sedlerter
913 2659 1152 2794 abscondimus,

133 2885 137 2898 l
154 2887 326 2906 w..-

178 3034 218 3103 ¹7)
240 3033 329 3085 Codd.
352 3041 420 3101 optt.
438 3036 493 3085 scre
513 3053 604 3088 omnes
623 3038 771 3106 incipiens,
788 3035 860 3102 quod
883 3037 959 3092 unice
980 3048 1118 3093 serumst

131 3121 192 3155 cum
209 3104 352 3155 autecedd.
372 3111 445 3153 arcte
463 3107 678 3170 coniungendam
696 3123 754 3156 esse
772 3115 845 3172 puto.

183 3178 227 3238 19)
241 3173 317 3223 Frsb.
336 3192 348 3222 e
368 3172 491 3222 convivio
514 3183 540 3226 et
556 3176 701 3242 prosilivit.

180 3246 226 3302 αι)
245 3245 278 3291 al.
298 3243 451 3301 clientium
471 3243 505 3293 cl.
526 3241 648 3294 Ruddim.
669 3243 690 3306 l,
708 3243 750 3300 98.
769 3260 794 3292 n.
811 3242 852 3308 34.

127 3307 131 3316 ’
182 3309 226 3378 22)
244 3313 283 3359 ΡΙ.
312 3310 387 3373 Leid.
419 3311 495 3361 Voss.
523 3319 544 3365 1.
569 3316 593 3365 2.
620 3312 736 3363 Theseu
758 3313 786 3366 F.
813 3313 841 3366 Β,
868 3330 891 3363 a.
915 3317 981 3365 Mer.
1011 3331 1119 3383 quoque

131 3391 226 3448 prope,
245 3378 319 3445 quod
339 3380 466 3447 explicari
493 3380 586 3446 possit,
613 3381 695 3431 modo
720 3398 757 3429 vr.
778 3379 918 3449 frumeuti
944 3399 1053 3451 quinque
1078 3400 1119 3432 sr-

133 3448 199 3497 ctius
217 3449 360 3513 coniungas
382 3455 407 3498 et
425 3466 440 3498 a
456 3449 552 3499 ceteris
572 3466 638 3500 sono
657 3452 751 3501 saltem
769 3465 884 3516 separes.
910 3475 943 3487 -
974 3453 1014 3506 Fl.
1034 3455 1119 3506 omitt.

134 3513 173 3564 ud
188 3523 249 3582 post
265 3533 357 3584 prope.
428 3533 430 3540 ⁴
