2688 3872
204 365 252 416 130
560 357 593 422 Q.
614 357 730 408 CultTu
749 360 828 410 auu

204 526 221 564 a
244 503 377 566 Meridie
400 506 501 567 minus
522 518 609 567 vasta
632 517 698 580 est3
717 527 779 590 qua
804 507 933 568 subacta
948 506 1059 570 licebit
1072 510 1187 572 decur-

182 601 278 646 'rere
300 585 332 644 in
363 585 442 647 illud
469 607 576 656 mare,
606 588 692 669 quod
725 585 823 648 rebus
846 587 990 646 humanis
1018 593 1186 652 terminum

171 665 303 727 involuit
325 679 394 726 esse
414 677 533 730 natura.
575 668 640 727 Cur
665 667 800 728 circuitu
827 662 909 748 petis
934 667 1085 748 gloriam,
1106 691 1186 754 quae

202 747 241 804 ad
261 747 510 827 manum‘pcsita
531 745 602 807 est?
629 747 680 806 hic
710 768 838 830 quoque
866 743 1003 808 occurrit
1030 749 1187 812 Oceanus.

201 826 268 886 Nisi
288 826 386 888 mavis
407 847 526 901 errare,
551 827 764 908 pervenimus,
809 846 851 888 uo
871 832 926 887 tua
946 827 1074 888 fortuna
1090 830 1186 892 ducit.
1208 853 1216 868 ’

169 908 290 968 ¹5Haec
310 918 427 986 tecum,
449 929 542 988 quam
564 907 683 967 sinete
704 927 777 967 cum
787 843 865 983 tiiis,
885 907 975 990 loqui
999 910 1105 985 malui,
1125 933 1188 972 non

202 987 249 1048 uti
269 987 381 1047 inirem
402 987 632 1047 circumstantis
654 986 813 1048 exercitus
836 988 978 1069 gratiam,
999 989 1056 1049 sed
1074 1002 1109 1051 ut
1132 1012 1188 1052 vo-

182 1095 184 1104 ¹
203 1065 273 1208 corp
283 1067 481 1151 loquentium
495 1068 614 1150 potius,
636 1088 729 1150 quam
749 1067 901 1149 gemitum
917 1069 1189 1148 murmurantium,

180 1169 241 1208 au
265 1168 338 1208 iren

165 1236 200 1300 13
280 1229 322 1294 Ut
341 1225 436 1288 finem
457 1227 592 1289 orationi
613 1229 738 1288 Coenus
758 1225 926 1308 imposuit,
952 1227 1072 1289 clamor
1097 1230 1187 1290 undi-

180 1329 265 1393 vque
292 1313 364 1369 calm
389 1308 517 1389 ploratu
543 1307 661 1383 oritur,
688 1327 817 1388 regem,
844 1318 989 1388 patrem,
1016 1308 1188 1386 dominum,

167 1389 337 1452 uconfusis
359 1387 584 1468 appellantium
604 1387 747 1448 vocibus.
794 1389 923 1468 lamque
947 1389 1052 1448 etalii
1076 1389 1185 1463 duces,

183 1495 185 1500 ’
223 1469 437 1550 raecipueque
459 1467 619 1542 seniores,
648 1468 719 1550 quis
742 1466 784 1527 ob
806 1479 941 1528 aetatem
963 1479 995 1528 et
1024 1471 1186 1530 excusatio

199 1493 363 1610 iionestior
383 1561 451 1608 erat
471 1559 503 1608 et
525 1548 693 1612 auctoritas
719 1547 835 1624 maior,
870 1547 980 1608 eadem
1004 1549 1141 1630 precaba
1156 1574 1187 1609 n-

170 1637 262 1692 tetur.
305 1629 362 1689 llle
390 1649 450 1689 nec
477 1628 630 1711 castigare
652 1627 825 1690 obstinatos
845 1647 905 1688 nec
926 1627 1070 1710 mitigare
1091 1629 1186 1708 pole·
1218 1673 1231 1688 .

135 1743 138 1750 ¹
201 1725 251 1772 rat
269 1710 377 1771 iratos.
418 1711 528 1792 ltaque
550 1713 640 1790 inops
670 1707 793 1769 c'onsilii
822 1707 949 1768 desiluit
976 1727 994 1767 e
1024 1709 1186 1781 tribunali,

201 1785 370 1874 claudique
406 1781 526 1870 regiam
562 1789 668 1864 iussit,
704 1786 848 1847 omnibus
879 1799 1009 1867 praeter
1043 1791 1186 1850 assuetos

168 1873 289 1934 arcadiae
309 1868 486 1954 prohibitis.
527 1870 665 1950 Biduum
691 1867 757 1928 irae
787 1867 894 1926 datum
921 1879 984 1928 est:
1012 1869 1110 1929 tertio
1135 1870 1187 1931 die

184 1950 370 2035 processit,
393 1950 617 2032 ‘erigiquellll
639 1950 707 2009 aras
729 1968 767 2008 ex
790 1947 946 2030 quadrato
967 1968 1052 2024 saxo,
1078 1971 1187 2010 monu-

200 2025 341 2110 men'tum
362 2031 570 2111 expeditionis
590 2050 681 2098 suae,
710 2027 899 2088 munimenta
921 2035 1051 2111 quoque
1071 2042 1186 2091 castro·

200 2135 271 2172 rum
291 2110 382 2172 iussit
405 2104 540 2185 extendi,
561 2107 741 2204 cubiliaque
762 2107 923 2188 amplioris
944 2107 1076 2185 formae,
1092 2128 1187 2192 quam

200 2214 261 2274 pro
283 2198 457 2270 'corporum
479 2191 604 2265 habitu,
633 2187 788 2270 relinqui,
818 2199 854 2246 ut
881 2187 1020 2268 speciem
1048 2191 1186 2250 omnium

201 2284 343 2356 augeret,
369 2271 549 2349 posteritati
570 2269 664 2330 fallax
685 2267 871 2328 miraculum
891 2277 1090 2348 praeparans.

165 2363 200 2408 20
278 2349 360 2410 Hinc
383 2352 531 2430 repetens
553 2353 632 2433 quae
654 2355 797 2409 emensus
819 2358 897 2423 erat,
918 2346 957 2406 ad
974 2345 1092 2410 llumen
1106 2351 1187 2412 Ace·
1231 2424 1233 2430 Ι

166 2472 170 2486 s
201 2431 300 2492 sineru
324 2432 409 2490 locet
429 2440 540 2489 castra.
582 2429 628 2488 lbi
653 2428 739 2489 forte
762 2428 887 2488 Coenus
915 2427 1029 2488 morbo
1054 2431 1186 2489 exstine-

200 2524 251 2572 tus
273 2525 330 2575 est.
379 2509 476 2570 Cuius
501 2521 604 2570 morte
630 2509 783 2590 ingemuit
812 2507 939 2590 quidem
968 2527 1043 2581 rex,
1071 2507 1186 2570 adiecit

200 2605 322 2666 tamen,
349 2597 483 2680 propter
513 2599 630 2672 paucos
652 2591 719 2651 ‹lies
753 2590 877 2680 longam
910 2587 1085 2648 orationem
1113 2609 1187 2650 eum

200 2689 367 2748 exorsum,
408 2679 556 2753 tanquam
584 2665 670 2732 solus
698 2665 914 2738 Macedoniam
941 2667 1067 2729 ‘visurus
1094 2677 1185 2729 esset.
1262 2665 1269 2676 “

216 2871 384 2888 *n-

254 2995 283 3046 ¹3
316 2990 393 3041 Voss.
412 3007 436 3045 2-
453 2993 595 3058 penetrare
614 2988 719 3040 Indiam
738 2991 835 3040 omisso
855 2991 892 3039 ιἠ.

249 3066 271 3109 ι’
311 3058 385 3124 Fran.
405 3077 486 3128 quarm
506 3067 523 3108 tl
535 3071 545 3107 t
558 3061 685 3126 gemitum
705 3063 800 3108 eontra
818 3057 903 3108 Codd.

252 3131 282 3182 18
312 3128 389 3192 vulgo
409 3125 532 3176 desilivit.
827 3183 830 3188 ¹,

253 3209 285 3260 19
314 3195 437 3262 erigique
455 3195 560 3247 videtur
579 3209 635 3245 esse
654 3191 808 3244 conie'clura
825 3191 926 3258 Modiiss
956 3189 1044 3244 Codtl,
1063 3206 1154 3240 omnes
1173 3208 1186 3239 c

199 3265 286 3328 regia,
305 3264 354 3334 quai
369 3265 409 3313 vel
428 3280 492 3330 qno.
527 3291 561 3303 -
594 3262 671 3311 Voss.
690 3268 716 3318 2.
735 3279 815 3331 quam
831 3273 880 3332 per
904 3277 1051 3331 corporum
1074 3260 1186 3328 speciem

198 3331 294 3382 laabim
311 3331 453 3399 reliquom.
720 3381 723 3386 ¹

251 3399 295 3468 20)
313 3400 368 3449 Pal.
383 3416 404 3448 ι.
424 3409 548 3461 mortem
566 3397 601 3449 cl’.
620 3397 725 3446 Nollem
744 3397 807 3448 Lex.
825 3397 916 3454 naith.
934 3413 961 3464 p.
982 3397 1094 3452 1523.-
1110 3393 1186 3444 Frslr.

198 3475 297 3534 transp.
318 3484 368 3516 rex
383 3464 498 3534 quidem.
