2688 3872
197 403 255 458 ns..
557 395 591 463 o.
611 343 728 451 damu
742 393 831 456 aurs
919 445 922 454 Δ

185 565 265 607 rum
309 541 427 606 entium
438 540 552 620 victor,
571 541 643 624 plus
662 553 768 607 tamen
785 540 953 622 ¹victorine,
968 563 1062 627 quam
1081 564 1173 625 prae·

193 625 264 703 dae,
284 563 468 704 deportarit
491 641 531 684 ex
549 622 634 684 Asia.
1201 669 1204 678 ,

153 712 175 777 9
276 706 428 766 Ceterum
453 713 491 762 ut
514 703 676 786 cognitum
703 713 770 780 est,
794 700 873 772 alios
902 701 1021 764 remitti
1050 703 1173 781 domos,
1199 731 1205 746 ·

195 784 272 846 alios
298 782 461 860 meineri,¹
482 795 669 864 perpetuam
693 802 766 844 eum
792 782 883 864 regni
910 781 1018 844 sedem
1044 783 1075 844 in
1098 785 1172 846 Asia

193 864 374 926 habiturum
404 861 480 940 rati,
505 862 659 928 vecordes
686 875 719 924 et
745 861 926 944 discipliuae
953 863 1095 924 militaris
1116 863 1174 926 im-

193 964 366 1021 memores,
393 943 550 1006 seditiosis
576 943 708 1005 vocibus
730 953 831 1004 castra
851 943 1028 1024 complent,
1048 960 1174 1038 regem-

174 1045 257 1109 ¹que
276 1023 419 1086 ferocius
440 1044 535 1106 quam
557 1022 631 1084 alias
651 1021 755 1084 adorti
791 1041 899 1085 omnes
934 1023 1026 1084 simul
1052 1025 1173 1086 missio-

192 1125 266 1166 nem
292 1104 455 1186 postulare
481 1115 674 1184 coeperunt,
703 1101 859 1165 deformia
886 1123 942 1167 ora
972 1103 1173 1166 cicatricibus

157 1185 397 1268 sscauitiemque
418 1182 556 1264 capitum
579 1194 781 1248 ostentantes.
825 1185 891 1244 Nec
920 1196 972 1244 aut
991 1183 1198 1264 praefecto·¹

192 1287 264 1327 rum
292 1264 522 1346 castigatione,
540 1275 594 1326 aut
619 1263 809 1326 verecundia
828 1263 913 1346 regis
935 1263 1095 1338 deterriti,
1122 1276 1173 1325 tu-

184 1345 352 1417 ,multuoso
375 1345 512 1407 clamore
533 1356 567 1405 et
584 1343 711 1404 militari
732 1342 881 1414 violentia
901 1343 1062 1406 volentem
1082 1343 1172 1428 loqui

190 1424 390 1501 inhibebant,
421 1421 530 1504 palem
563 1423 719 1504 professi,
746 1442 904 1506 'nusquam
931 1423 1021 1501 inde,
1053 1423 1111 1484 nisi
1140 1427 1197 1498 iu„

161 1505 331 1588 reperiam,
350 1503 517 1585 vestigium
536 1524 605 1565 esse
625 1515 778 1572 moturos.
791 1501 943 1564 'Tandem
963 1503 1086 1580 silentio
1106 1503 1172 1566 fac·
1230 1509 1234 1518 '

178 1597 238 1662 to,
258 1583 356 1666 magis
377 1584 453 1667 quia
477 1596 598 1647 motum
617 1605 687 1646 esse
701 1583 882 1658 credebant,
903 1593 998 1666 quarn
1019 1585 1091 1668 quia
1111 1585 1172 1666 ipsi

190 1664 315 1727 moveri
335 1676 494 1757 poterant,
515 1663 663 1748 quidnam
681 1675 808 1726 acturus
823 1675 916 1741 esset,
938 1664 1171 1745 exspectabant.

157 1745 263 1821 rsllle,
284 1744 371 1832 Quid
390 1743 484 1818 haec,
504 1744 620 1830 inquit,
650 1765 765 1826 repens
792 1744 1020 1818 consternatio,
1049 1757 1082 1805 ct
1107 1750 1172 1819 tam

189 1844 309 1908 procax
329 1836 425 1908 atque
448 1823 551 1886 effusa
566 1825 691 1888 licentia
704 1823 886 1887 denuntiat?
906 1825 1023 1918 Eloqui
1044 1836 1170 1892 metuo:
1192 1881 1194 1886 .

188 1907 292 2000 palam
314 1917 402 1967 certe
421 1905 549 1988 rupistis
571 1905 758 1988 imperium,
786 1917 817 1967 et
842 1924 987 1986 precario
1009 1925 1066 1968 rex
1090 1926 1185 1985 sum,
1283 1942 1285 1956 ι

189 2006 242 2048 cur
261 2006 324 2047 non
344 1985 536 2070 alloquendi,
555 2005 618 2048 non
636 1985 788 2050 noscendi
803 1985 1032 2068 monendique,
1053 1997 1106 2046 aut
1126 1986 1170 2045 in·

75 2107 76 2112 κ
155 2065 300 2133 setuendi
319 2086 377 2130 vos
396 2066 445 2128 ius
464 2066 646 2151 reliquistis.
687 2065 846 2150 Equidem
874 2087 946 2128 cum
972 2065 1048 2128 alios
1068 2065 1171 2127 dimit-

187 2159 261 2208 tere
289 2146 322 2206 in
349 2147 503 2228 patriam,
534 2147 613 2208 alios
640 2167 764 2209 mecum
783 2147 879 2228 paulo
903 2157 978 2227 post
998 2145 1170 2228 deportare

187 2226 370 2301 statuerim,
394 2237 460 2286 tam
485 2227 556 2288 illos
584 2227 788 2289 acclamantes
819 2227 930 2300 video,
967 2225 1024 2310 qui
1055 2225 1191 2300 abituri,

188 2316 281 2378 saint,
309 2325 402 2388 quam
430 2305 505 2382 hos,
546 2325 619 2366 cum
646 2305 759 2388 quibus
792 2307 982 2386 praemissos
1018 2303 1169 2390 subsequi

155 2386 295 2448 ststctui.
341 2382 427 2475 Quid
446 2383 509 2446 hoc
529 2396 579 2446 est
597 2385 668 2446 nei?
699 2385 816 2466 dispari
835 2385 867 2446 in
887 2406 979 2447 causa
998 2386 1083 2447 idem
1103 2407 1190 2466 om-⁴

186 2464 274 2526 nium
290 2464 409 2526 clamor
429 2463 493 2524 est!
513 2463 674 2528 Pervelim
687 2465 779 2540 scire,
800 2475 907 2526 utrum
922 2465 1168 2546 quidiscedunt,

157 2561 227 2608 stan
250 2545 305 2630 qui
331 2543 518 2621 retinentur,
542 2543 584 2606 de
619 2565 671 2607 me
697 2555 882 2630 querantur.
923 2547 1080 2609 Crederes
1104 2569 1168 2609 uno

186 2645 245 2687 ore
273 2645 381 2687 omnes
408 2625 569 2688 sustulisse
594 2625 782 2703 clamorem,
815 2625 857 2686 ita
886 2626 1007 2708 pariter
1035 2647 1075 2688 ex
1100 2639 1169 2688 tota

186 2705 340 2768 concione
359 2726 547 2788 responsum
567 2719 626 2784 cst,
646 2726 753 2769 omnes
774 2706 875 2802 queri.
1096 2766 1097 2774 ,

149 2807 185 2875 10
264 2788 347 2848 Tum
368 2786 433 2863 ille,
453 2788 524 2848 Non
542 2785 684 2862 hercule,
703 2786 815 2870 inquit,
835 2797 942 2868 potest
958 2782 1036 2864 fieri,
1057 2798 1093 2847 ut
1113 2785 1166 2845 ad-

188 2865 303 2945 ducar,
337 2865 498 2952 querendi.
515 2865 608 2934 simul
638 2865 781 2940 omnibus
810 2865 890 2928 hanc
924 2885 1048 2928 causam
1086 2886 1184 2952 esse,

181 3040 381 3055 m

238 3151 279 3222 ra)
297 3150 371 3209 Frslr.
391 3151 498 3204 domum
507 3169 520 3217 ‚·
538 3152 573 3204 al.
589 3151 660 3202 nritti
671 3166 721 3218 pro
738 3150 841 3201 remitti
853 3159 945 3202 conus
960 3151 1048 3206 Codd.
1062 3153 1166 3206 drinittr'

177 3219 299 3273 Theocr.
317 3251 350 3261 —
366 3221 408 3273 Fl.
426 3221 502 3276 Laid.
518 3221 595 3272 Voss.
615 3237 637 3270 r.
656 3219 688 3271 D.
709 3220 807 3268 Asiam.

238 3288 279 3356 il)
294 3305 345 3358 pro
363 3301 478 3340 acturus
496 3287 631 3346 Schmied.
649 3296 675 3338 et
691 3288 760 3338 Kok.
779 3305 794 3339 e
811 3285 896 3337 tribus
914 3287 1001 3338 Codd.
1020 3285 1162 3356 dicturus;

183 3355 257 3426 quod
274 3357 408 3426 improbo.
469 3399 470 3403 ,
648 3410 650 3414 ,
1180 3377 1182 3382 ·

235 3423 277 3491 ι5)
291 3423 364 3475 Frslr.
384 3441 434 3494 pro
453 3433 551 3485 metuo,
568 3421 641 3491 quod
661 3419 750 3476 codd.
769 3419 878 3491 babent,
894 3424 967 3480 dedit
985 3426 1070 3482 triaco.

236 3491 385 3558 16J.Codd.
402 3491 469 3562 qdd.
486 3503 638 3545 statuerem.
