2686 3876
458 359 910 429 promerueramus.
1140 365 1177 422 ιι

172 509 433 650 Ruoqueminua
449 508 554 571 caedis
567 507 717 590 puderet,
739 507 809 568 iure
830 506 1046 606 interfectum·
1058 509 1211 608 Clitum·¹²

209 589 572 730 acgqograclsidigcsgirpsgpt,
593 587 757 670 sepultura
770 607 900 672 quoque
919 589 1123 672 prohibitum,
1141 613 1175 654 ιιι

141 729 144 735 ’
174 690 233 733 m
253 751 354 832 Igitur
378 750 490 810 decem
506 713 618 809 diebus
638 745 773 840 maxime
792 746 833 808 ad
854 747 1102 814 confirmandum
1112 773 1173 848 pu·
1194 759 1215 824 7

173 833 287 896 dorem
304 831 388 912 apud
403 827 592 890 Maracanda
607 837 790 900 consumtis,
811 847 883 888 eum
902 843 993 910 parte
1013 845 1177 895 exercitur

172 911 444 993 Hephaestionem
456 910 488 968 in
508 907 674 988 regionem
687 905 885 1000 Bacuianam
901 909 996 986 misit,
1016 931 1175 976 commen.

171 1005 224 1054 tus
249 992 281 1050 in
302 990 441 1082 hiemem
461 983 905 1128 Ριιλωιυιὲιὲθξέιὲὲιίιῐιίὶίίιῑιιιθ
918 1001 1023 1130 agategrp
1045 992 1216 1134 ‹gentique-u

172 1083 275 1212 idditt
287 1087 656 1228 grcgpgpppapggffiqypss
674 1145 777 1228 regio,
793 1085 1176 1232 duditaturquepituribdi

175 1249 213 1290 ac
233 1227 458 1310 frequentibus
478 1227 566 1298 vicia,
587 1217 661 1310 quia
679 1226 811 1287 ubertas
837 1238 946 1290 terrae
971 1249 1036 1290 non
1055 1230 1176 1326 indige·

57 1308 63 1313 ”
173 1329 230 1368 naa
250 1307 346 1372 modo
368 1307 499 1382 detinet,
520 1307 578 1368 sed
599 1305 692 1366 etiam
717 1305 854 1369 advenas
873 1307 995 1371 invitat.
1035 1312 1214 1376 Banasam

71 1537 78 1548 ,
174 1468 281 1530 culum
308 1467 425 1531 fuerat.
468 1467 534 1530 aed
560 1478 633 1548 post

175 1408 290 1448 norum
311 1388 448 1466 exulum,
470 1388 525 1490 qui
547 1386 585 1448 ab
606 1386 790 1450 Alexandro
811 1386 1010 1466 defecerant,
1031 1381 1174 1472 recepta·

656 1487 728 1528 nam
753 1487 864 1544 reem
893 1469 1066 1533 adventare
1087 1491 1175 1534 com·

172 1559 299 1630 pertum
317 1559 382 1624 est,
410 1548 494 1630 pulsi
515 1544 555 1609 ab
575 1489 687 1608 inediis
708 1549 737 1608 11
759 1488 845 1608 mdia
864 1547 935 1610 fere
956 1561 991 1612 et
1010 1551 1173 1636 quingenti

172 1640 422 1723 congregantur.
452 1628 572 1690 Omnes
594 1628 718 1710 equites
741 1639 843 1703 erant,
864 1630 957 1692 etiam
976 1631 1007 1691 in
1029 1652 1107 1713 pace
1127 1631 1208 1692 lade

169 1710 311 1771 trocrniis
333 1708 468 1770 assueti:
489 1719 558 1784 tum
573 1705 696 1768 ferocia
714 1707 840 1789 ingenia
860 1729 924 1771 non
938 1710 1060 1772 bellum
1074 1711 1172 1780 modo

170 1790 229 1850 aed
255 1790 351 1850 etiam
381 1788 494 1848 veniae
526 1786 708 1866 desperatio
736 1787 940 1854 efferaverat.
993 1793 1104 1874 ltaque
1131 1812 1172 1858 ex

170 1869 347 1950 improviso
370 1867 479 1929 adorti
499 1868 680 1946 Amyntam,
700 1877 884 2006 graetorem
908 1869 1091 1946 Alexandri,
1115 1871 1172 1932 diu

168 1967 287 2028 anceps
311 1947 472 2029 proelium
499 1946 658 2008 fecerant:
686 1967 704 2004 a
752 1945 896 2006 ultimum
926 1949 1011 2010 DCC
1040 1969 1207 2013 suorumar

170 2027 304 2102 amissis,
325 2047 460 2112 quorum
476 2025 555 2089 CCC
577 2024 678 2084 hostis
699 2025 795 2107 cepit,
816 2023 936 2088 dedere
956 2039 1048 2110 terga
1069 2029 1172 2094 victo·

168 2108 271 2186 ribus,
291 2107 376 2170 haud
400 2128 475 2170 sane
496 2105 598 2181 inulti,
622 2105 742 2188 quippe
755 2106 872 2168 LXXX
893 2108 1101 2170 Macedonum
1123 2109 1172 2172 in·
1211 2129 1220 2146 ·

168 2187 387 2264 terfecerunt,
418 2200 614 2272 praeterque
643 2207 699 2248 eos
728 2186 809 2248 CCC
844 2199 878 2249 et
911 2190 939 2249 L
967 2190 1066 2252 saucii
1092 2189 1176 2254 faeti'

168 2281 250 2333 aunt.
293 2269 426 2334 Veniam
447 2281 554 2331 tamen
575 2267 668 2330 etiam
694 2279 768 2349 post
794 2265 926 2330 alteram
954 2269 1203 2333 defecuoneno

167 2346 429 2430 impetraverunt.

247 2431 305 2490 His
329 2429 361 2490 in
380 2428 478 2491 iidem
497 2429 648 2511 acceptis,
670 2429 702 2490 in
722 2427 905 2511 regionem,
932 2450 1026 2523 quam
1054 2433 1209 2515 Naum-g

69 2523 77 2531 ·
169 2527 207 2568 ca
228 2511 405 2648 appellant,
435 2531 495 2572 rex
521 2531 595 2572 cum
626 2522 697 2572 toto
718 2511 862 2572 exercitu
882 2520 981 2569 vemt.
1015 2508 1170 2604 Satrapes·
1217 2567 1221 2574 .

171 2599 241 2647 erat
285 2591 481 2672 yaimithres,
510 2591 637 2654 duobus
664 2612 704 2653 cx
731 2611 788 2652 sua
813 2601 915 2670 matre
941 2587 1014 2650 filiis
1040 2591 1166 2672 genttia3

181 2728 346 2746 Ἠ·-

222 2827 262 2895 12)
279 2831 314 2879 al.
338 2848 398 2882 cum
416 2833 532 2883 Threci.
552 2835 675 2886 inserunt
693 2829 813 2883 diceutes
837 2835 899 2879 aute
926 2824 1099 2878 Macedones.
1128 2857 1163 2872 -

168 2892 240 2945 idem
260 2897 376 2949 Theocr.
396 2899 516 2950 humare.

222 2965 263 3033 16)
284 2967 361 3016 Voss.
378 2972 403 3022 2.
427 2967 545 3044 rhenos.
567 2959 746 3018 vehemens
773 2962 939 3033 desperatio.
965 2989 999 3012 -ι-
1034 2963 1163 3037 idcmse.

167 3046 275 3084 cerunt.

224 3101 268 3169 17)
285 3101 357 3154 idem
375 3101 454 3157 Voss.
472 3095 499 3156 ι’,
518 3111 619 3170 transp.
637 3113 702 3151 sunt
711 3099 799 3172 faeti.

221 3173 264 3239 19)
281 3173 360 3223 Voss.
380 3186 404 3222 a.
423 3172 510 3221 omitt.
529 3185 651 3239 praepos,
671 3189 704 3219 ex
723 3179 784 3221 ante
805 3185 856 3218 suo
876 3179 970 3231 matre,
990 3172 1077 3236 male;
1105 3164 1167 3224 naria

166 3240 194 3290 in
214 3240 286 3292 hunc
303 3241 439 3308 participii
461 3255 537 3298 usum
561 3255 592 3288 ea
618 3237 716 3291 cadere
741 3245 867 3307 nequent,
894 3254 963 3304 quac
992 3239 1166 3294 Grammatici

166 3307 201 3359 de
219 3310 369 3378 participiis
387 3321 478 3365 notus,
496 3307 615 3374 genitus,
632 3319 712 3360 ortas
732 3317 782 3360 etc.
802 3306 992 3358 adiectirorum
1011 3311 1074 3360 loco
1091 3309 1166 3376 posi·

166 3378 201 3427 tis
219 3378 336 3442 tradunt,
359 3379 430 3428 velut
455 3376 562 3426 Nolten.
589 3369 652 3428 Lefr.
679 3377 769 3428 Antib.
791 3394 818 3446 p.
847 3375 919 3434 1583.
949 3375 1019 3443 Scyt.
1043 3375 1164 3438 Gramin,

165 3445 226 3496 Lat.
244 3444 266 3514 §.
288 3448 364 3511 ²⁸²9·
383 3444 471 3496 Krebs
490 3444 590 3495 Auleit.
604 3442 628 3514 §.
643 3447 704 3514 597.
723 3445 784 3498 fine.

237 3531 353 3587 Curtiur.
379 3536 428 3587 111.
952 3540 969 3596 5
