2686 3876
422 407 467 467 ua
486 403 608 466 antris
625 397 727 466 attt-
744 402 816 473 vin.
835 424 854 468 ι.
890 385 894 394 ’
1093 413 1126 474 ⁵7

137 569 250 618 amnes,
279 552 432 606 Alexandro
460 555 595 616 occurrlt,
625 569 654 604 se
682 563 781 621 suaque
805 554 868 608 fidei
886 557 943 609 sius
960 558 1126 628 permittens.

137 623 196 692 ((3)
216 622 368 676 Alexander
387 641 446 679 eum
467 634 493 676 et
514 623 630 688 restituit
655 623 682 672 in
714 638 823 688 regnum
849 633 875 674 et
900 627 1004 692 reglum
1030 641 1128 678 nomen

137 693 254 748 Taxilen
271 707 376 742 sumere
394 693 479 757 iubet,
498 692 569 742 dona
587 691 676 753 etiam,
694 707 761 756 quae
775 692 825 756 ipsi
840 693 983 758 obtulerat,
1000 695 1129 774 multipli-

125 768 198 811 'cata
216 757 314 820 reddit,
332 761 557 818 murmurantibus
576 756 735 826 qiribnsdam
754 759 939 816 Macedonum.
960 761 1015 831 ((4)
1035 748 1129 814 Alias,

136 839 192 892 r'es,
209 829 279 881 ultra
298 827 437 896 Hydaspen
460 829 582 892 regulus,
608 826 760 888 (Arminius
789 838 975 892 montanorum
1003 828 1132 880 Indorum

136 895 217 964 dicit)
237 897 331 960 legatis
349 898 443 956 missis,
463 912 520 945 sese
541 893 622 946 dedit.
649 895 804 954 Barzaentes
823 902 849 945 et
867 895 998 955 Gauianus
1016 899 1132 949 rebelles

137 965 222 1015 vineti
239 961 419 1016 adducuntur.
456 965 542 1014 Porus
562 969 649 1012 autem
675 964 834 1013 clarissimus
852 963 879 1011 in
899 981 930 1014 ea
948 967 1057 1031 regione
1075 983 1131 1030 rex,

137 1041 231 1101 spreta
252 1030 402 1094 deditione,
420 1031 448 1080 in
464 1025 595 1081 ulteriore
611 1029 737 1098 Hydaspis
764 1032 823 1100 ripa
846 1047 904 1081 curn
925 1035 1040 1082 exercitu
1065 1049 1132 1085 con·

140 1099 260 1162 sederat,
279 1099 442 1156 Macedones
462 1101 572 1152 transitu
591 1097 794 1166 prohibiturus„
820 1097 876 1168 (tn)
901 1101 935 1150 Et
962 1101 1043 1150 amnis
1067 1117 1133 1169 pro-

67 1177 68 1180 ’
139 1167 241 1218 fundus
260 1174 286 1216 et
306 1168 399 1230 armati
418 1170 492 1236 ripae
509 1165 691 1236 praesidentes
708 1175 810 1219 terrent
826 1167 998 1224 Macedones.
1019 1185 1134 1236 quorum

138 1238 251 1287 iuvenes
269 1235 403 1296 nunnoni,
421 1235 576 1292 blandiente
600 1251 722 1288 successu
750 1238 885 1300 temerarii
903 1237 984 1300 lacti,
1011 1236 1043 1286 ab
1063 1236 1134 1293 lodis

142 1304 354 1370 opprimuntur-¹
383 1301 438 1371 ((6)
465 1303 555 1354 Nihilo
579 1305 666 1352 minus
684 1304 836 1356 Alexander
855 1313 1012 1374 tempestate
1032 1304 1135 1355 adiutus

142 1373 213 1422 elam
240 1369 359 1422 hostibus
380 1387 481 1422 amnem
506 1371 709 1438 traiicitu'th7)
732 1373 793 1437 Qno
813 1383 953 1442 comperto
971 1373 1056 1428 Porus
1077 1373 1134 1441 pri·

140 1455 216 1496 mum
237 1439 340 1504 ‘equites
368 1448 394 1488 et
410 1441 550 1508 quadrigas
582 1441 677 1507 agmini
702 1442 927 1510 appropinquanti
952 1441 1059 1503 obiicit,
1087 1441 1136 1493 sed
1166 1457 1172 1464 ‘

143 1521 270 1558 cxirruum
289 1508 414 1560 auxilium
435 1510 541 1558 irritum
563 1509 592 1558 fit
638 1508 692 1577 (uti)
718 1513 795 1560 Tum*
809 1511 962 1578 elephantos
978 1511 1136 1578 peditesque

141 1574 254 1643 inducit.
292 1575 443 1634 Alexander
462 1593 523 1626 cum
542 1577 656 1632 ducibus
677 1579 815 1645 copiarum
831 1581 894 1646 quid
911 1580 969 1630 lieri
988 1581 1066 1629 vellet
1083 1579 1135 1630 im·

141 1651 272 1712 parasset,
291 1643 347 1711 ipse
364 1645 465 1717 primus
484 1663 545 1694 cum
563 1647 681 1710 equitatu
698 1660 754 1696 rem
773 1648 849 1712 gerit.
886 1645 941 1714 ((9)
961 1646 1020 1696 ludi
1035 1647 1135 1698 turbati

140 1729 172 1764 ae
192 1711 296 1766 disiecti
319 1721 447 1778 pugnant,
470 1715 611 1773 maximum
635 1721 768 1770 certamen
792 1716 864 1769 circa
882 1715 986 1770 Porsina
1007 1716 1137 1783 ipsamet

143 1779 305 1850 elephantos
324 1781 455 1834 ciinslstit.
493 1779 549 1843 (50)
573 1779 677 1830 Ceteris
705 1779 850 1846 elephantis
871 1783 896 1831 in
920 1783 1008 1847 lugam
1028 1783 1134 1840 aversis,

139 1850 227 1900 Porus
253 1847 393 1896 destitutus
422 1849 595 1914 pertinaciter
620 1857 710 1896 tamen
730 1847 763 1897 de
786 1863 833 1897 sno
852 1849 973 1910 ‹limicat,
1002 1849 1090 1899 donec
1110 1857 1138 1898 et
1191 1900 1194 1906 ,

140 1919 199 1984 lpse
218 1917 309 1975 lugere
329 1921 447 1974 coaetus,
466 1919 583 1980 acceptis
602 1915 690 1962 multis
707 1915 867 1976 vulneribus,
886 1919 1024 1965 interram
1044 1915 1136 1982 delap-

140 2001 186 2036 sus
204 1984 316 2049 capitur.
353 1980 411 2047 (51)
429 1982 510 2036 Cuius
529 1983 609 2031 animi
628 1981 836 2047 magnitudinem
853 1983 1003 2033 Alexander
1019 1981 1135 2033 admira·

141 2063 185 2102 tus
205 2056 267 2102 eutn
285 2051 353 2098 inter
375 2051 475 2104 amicos
496 2050 608 2118 recipit,
636 2059 662 2109 et
680 2052 810 2119 ampliore
833 2055 913 2117 etiarn
929 2067 1028 2118 regno,
1056 2067 1137 2118 quaro
1187 2089 1189 2096 .
1227 2076 1232 2089 ι

141 2121 283 2189 habuerat,
305 2119 394 2170 donat.
700 2166 707 2192 ,
908 2117 909 2120 ’

143 2302 166 2338 1.
297 2253 477 2329 Alexander
495 2256 615 2333 maiore
637 2253 719 2316 fama
740 2277 831 2340 quarn
861 2254 961 2339 gloria
989 2255 1019 2316 in
1043 2253 1134 2326 ditio·
1161 2269 1184 2324 1.

219 2351 291 2408 nem
316 2333 445 2396 redacta
465 2349 572 2416 petra,
611 2339 682 2396 eu'rn
712 2349 847 2418 propter
876 2341 988 2419 vaguin
1012 2336 1137 2402 hostem

142 2414 340 2498 spargendae
365 2437 471 2476 manus
494 2429 616 2492 essent,
645 2415 677 2475 in
699 2428 766 2478 tres
790 2430 896 2499 partes
920 2418 1024 2478 divisit
1047 2437 1136 2476 exer-

144 2500 252 2558 citum.
298 2493 566 2574 Hephaestionem
587 2497 657 2572 uni,
680 2499 808 2572 Coenon
838 2497 930 2558 alteri
958 2498 1054 2557 duces
1083 2495 1138 2556 de·

145 2578 251 2637 derat:
269 2573 341 2654 *ipse
362 2578 488 2656 ceteris*
498 2589 654 2660 praeerat.
676 2577 742 2638 Sed
757 2599 820 2652 non
835 2578 946 2638 eadent
967 2597 1141 2655 mensem-
1162 2591 1179 2634 a
1243 2623 1247 2632 .

144 2655 237 2721 nibus
266 2653 405 2714 barbaris
436 2656 506 2718 fuit.
557 2657 660 2732 Armis
690 2657 818 2739 quidam
851 2657 992 2728 subactit
1029 2655 1137 2734 plures
1172 2657 1175 2674 ¹

147 2745 219 2792 ante
245 2745 405 2794 certamen
424 2738 577 2816 imperata
601 2737 767 2808 lecerunt,
793 2736 907 2819 quibus
930 2755 1060 2812 eorum,
1085 2734 1141 2814 qui

146 2815 177 2878 in
199 2811 379 2873 defectione
408 2811 712 2898 perseveraverant,
740 2815 838 2894 urbes
867 2835 1025 2895 agrosque
1051 2813 1141 2878 iussit

145 2890 286 2954 attribui.
329 2893 373 2950 At
393 2899 500 2962 exules
529 2897 688 2958 Bactriani
716 2915 787 2965 curn
815 2895 927 2968 DCCC
954 2897 1140 2976 Massageta-
1165 2914 1180 2962 a

70 3007 74 3018 ·
147 2988 220 3044 rum
243 2969 400 3053 equitibus
423 2976 584 3056 proximos
610 2977 703 3035 vicos·
720 2987 931 3050 vastaverunt.
980 2975 1030 3037 Ad
1060 2998 1140 3058 iquos

131 3051 345 3124 *coercendos
377 3055 516 3130 Attinas,
545 3055 683 3136 regionis
720 3057 786 3114 eius
823 3055 1022 3136 praefectus,
1060 3058 1140 3117 CCC

147 3135 284 3217 equites,
306 3131 498 3209 insidiarum,
519 3156 600 3216 quae
622 3135 830 3216 parabantur,
850 3137 992 3218 ignarus,
1020 3136 1139 3196 eduxit.

145 3219 293 3297 Namque
312 3211 412 3278 hostis
433 3215 464 3288 in
484 3215 581 3294 silvis,
612 3235 695 3298 quae¹
719 3229 807 3293 stiunt
834 3216 919 3287 sorte
942 3239 1052 3298 canapo
1074 3216 1140 3275 iuu-
1162 3225 1178 3276 t

159 3388 189 3395 ..‚,.
202 3379 336 3400 „n-...Q-s-s--t

217 3507 250 3574 3)
262 3509 337 3558 Frsh.
356 3517 456 3576 transp.
476 3508 610 3576 eqrsitrllns
629 3509 753 3575 lll‘nssog¹
773 3507 998 3576 «intravisse
1018 3519 1041 3559 ε.
1060 3504 1141 3570 lliirig.
