2686 3876
416 349 461 404 ot
486 346 609 400 GESTls
634 345 736 399 ALEx.
753 347 823 418 Vnt,
849 346 889 400 16.
1123 355 1158 410 ⁷3

160 493 411 588 torpentemque
430 497 563 560 militem
584 491 618 558 et
641 495 694 558 uix
717 507 899 582 compotem
919 487 1057 574 inentis,¹
1072 495 1195 572 ‹iem-rs

159 579 227 661 ptis
249 578 363 656 ermis,
386 580 419 640 in
440 599 496 638 sua
519 577 595 640 sede
616 577 706 638 iussit
727 575 904 638 considere.
946 577 1080 640 lile'din
1100 598 1160 640 nec

159 657 219 718 ubi
240 659 475 742 requiesceret,
509 678 569 719 nec
593 679 611 718 s
638 677 702 740 quo
728 669 817 718 esset
844 669 997 738 exceptus
1022 658 1160 742 ognovit.

160 737 307 799 Tandem
332 751 468 822 recepto
498 740 605 806 calore
633 736 738 816 vitali,
767 749 804 797 ut
826 737 945 820 regiam
974 738 1083 800 sedem
1108 759 1198 804 re-tt

77 877 80 882 ,
158 839 237 879 em
261 839 303 879 ue
322 819 421 896 vidit,
442 819 572 880 territus
599 817 711 898 surgit.
755 817 861 899 Quem
880 816 1004 878 intuens
1025 819 1160 879 Alexan*

158 840 381 983 ienqsscquid
403 899 569 982 intelligis,
600 897 849 982 miles,‡inquit‚
879 910 997 1018 ‘ium
1025 900 1161 963 meliore

161 990 274 1058 sorte,
295 1001 388 1073 quem
409 981 548 1055 Persae,
579 977 638 1038 sub
666 997 744 1116 repe
765 977 896 1041 vivatis.

928 977 991 1037 illis
1020 980 1101 1039 enim
1130 979 1139 1038 i

165 1058 247 1118 sella
274 1079 362 1140 regis
392 1059 576 1123 consedisse
598 1057 699 1146 capite
741 1058 847 1135 foret,
883 1056 945 1132 'tibi
973 1057 1063 1118 saluti
1091 1000 1162 1120 suti.
1190 1057 1195 1068 “

161 1140 314 1232 Ροεῑεετοι
334 1139 393 1234 die·
417 1139 597 1234 convocatis
628 1137 733 1234 amicis
760 1139 987 1232 copiarumque
1017 1137 1194 1215 ducibusna

156 1231 364 1300 ,pronuntient
384 1233 493 1298 lussit,
514 1239 616 1302 ipsum
640 1239 760 1296 omnis,
791 1239 873 1302 quse
902 1238 1013 1280 emisse
1042 1229 1160 1294 essent,

162 1298 379 1366 redditurum.
416 1303 460 1362 Et
479 1300 637 1388 promisso
659 1298 738 1360 tides
761 1301 889 1365 exstitit.
933 1297 1199 1378 NamSysimi·1s

63 1389 69 1397 ‘
163 1377 252 1438 thres
273 1380 371 1441 multu
400 1381 540 1446 iumenta
559 1379 599 1442 et'
614 1380 810 1448 camelorum
832 1379 1000 1441 duomilia
1022 1377 1163 1454 adduxit,

80 1591 84 1597 ,
165 1550 289 1599 temet
316 1539 430 1602 domno
460 1554 493 1603 et
522 1541 623 1602 fame·

52 1521 58 1526 ,
163 1477 351 1542 pecoraque
382 1473 414 1522 et
440 1471 595 1537 ermentu3
626 1479 708 1599 (luae
738 1461 907 1527 distributa
938 1460 1060 1554 pariter
1085 1457 1164 1519 miti-

648 1539 865 1603 ibersverunt.
904 1543 994 1616 Rex,
1030 1540 1201 1624 gratiamco

164 1617 226 1678 sibi
245 1615 378 1680 reiatam
398 1619 623 1702 a'Sysimithre
643 1621 824 1700 praefatus,
850 1641 906 1684 sex
927 1621 1051 1682 dierum
1072 1631 1164 1686 cocta

165 1697 284 1759 cibaris
306 1699 396 1762 ferre
418 1703 535 1762 milites
561 1698 663 1772 iussit,
685 1699 785 1782 Ssgos
805 1711 928 1781 petens.
950 1703 1063 1762 'l'otam
1084 1699 1164 1760 hanc

165 1779 331 1861 regionem
351 1781 576 1864 depopulatus,
595 1779 686 1838 XXX
709 1780 794 1840 milia
814 1799 971 1868 pecorum
985 1801 1024 1840 ex
1043 1780 1165 1862 praesis

166 1857 344 1940 Sysimithri
369 1859 454 1922 dono
475 1861 538 1921 dat.
628 1921 632 1924 .

245 1940 323 2001 Inde
343 1941 495 2022 pervenit
514 1940 546 2000 in
562 1939 738 2022 regionem,
759 1940 812 2000 cui
833 1939 1001 2020 Oxyartes,
1022 1947 1207 2022 astrapeslfi

165 2019 294 2096 nobilis,
315 2033 480 2102 praeerat,
508 2019 563 2105 qui
591 2041 625 2082 se
646 2020 732 2104 regis
752 2021 904 2102 potestati
930 2019 1070 2104 fideique
1091 2042 1166 2102 per-

166 2100 260 2165 misit.
289 2102 347 2162 llle
371 2103 507 2184 imperio
534 2101 564 2162 ei
584 2101 722 2175 reddito,
742 2099 831 2174 baud,
848 2101 991 2184 amplius,
1036 2123 1108 2162 uam
1130 2115 1166 2164 ut

94 2183 98 2194 '
169 2181 234 2242 duo
257 2181 419 2252 extribus
441 2177 513 2243 filiis
535 2203 643 2244 secum
663 2182 853 2258 militarent,
880 2182 997 2266 exegit.
1013 2124 1211 2264 batrapesm

169 2261 264 2323 etiam
280 2282 364 2338 etim,
381 2263 436 2349 qui
452 2283 550 2348 penes
567 2263 670 2344 ipsum
689 2263 939 2346 relinquebatur,
960 2261 1069 2326 tradit,
1088 2267 1166 2324 Barss

166 2340 243 2402 bers
277 2343 438 2422 opulentia
469 2344 665 2420 convivium,
693 2365 758 2426 quo
782 2364 892 2425 regem
914 2343 1100 2425 accipiebat,
1121 2344 1166 2404 ins

167 2433 338 2483 struxerat.
379 2423 416 2483 Id
446 2444 517 2483 cum
544 2424 642 2484 multa
672 2425 820 2484 comitate
843 2425 1039 2494 celebraret,
1068 2424 1206 2486 intro-sa

168 2501 245 2562 duci
265 2503 354 2562 XXX
374 2502 497 2565 nobiles
515 2505 656 2586 virgines
676 2503 776 2568 iussit.
806 2507 893 2566 Inter
914 2521 992 2588 quas
1014 2516 1083 2564 erat
1103 2503 1168 2564 filia

167 2580 268 2659 ipsius
279 2583 410 2644 Roxane
424 2585 562 2661 nomine,
576 2584 688 2646 eximis
704 2585 850 2665 corporis
868 2585 975 2666 speeie
998 2595 1031 2642 et
1047 2583 1166 2652 decore

168 2657 296 2718 babitus
316 2661 349 2720 in
368 2663 512 2725 barbaris
532 2685 617 2726 raro.
656 2663 748 2754 Quae
769 2685 960 2746 quemquem
979 2663 1063 2724 inter
1083 2661 1203 2722 eleuet

170 2747 218 2798 tes
238 2754 453 2818 processerat,
478 2743 617 2804 omnium
632 2755 738 2804 tamen
760 2744 871 2804 oculos
892 2741 1050 2804 convertit
1068 2741 1100 2801 in
1121 2762 1169 2818 se,

169 2819 306 2878 maxime
327 2821 423 2900 regis,
442 2822 543 2883 minus
567 2823 628 2883 ism
649 2820 873 2904 cupiditatibus
898 2821 962 2882 suis
984 2822 1167 2916 imperantis

72 2973 74 2979 Ι
96 2935 102 2946 1
169 2897 255 2958 inter
275 2897 429 2982 obsequia
448 2899 616 2981 fortunae,
643 2914 755 2964 contra
783 2923 876 2989 quum
893 2923 957 2968 non
980 2911 1054 2966 sutis
1076 2915 1167 2968 cauta

172 3055 364 3072 W

222 3178 266 3235 16)
286 3177 369 3244 Bong.
387 3151 487 3246 transp.
510 3191 638 3248 exceptus
657 3191 733 3234 essct.
789 3237 792 3241 .
1073 3210 1077 3216 ·

222 3245 266 3314 ¹7)
286 3244 362 3296 Frsh.
380 3246 514 3316 copitule;
533 3248 568 3299 cs.
587 3249 657 3316 Seyf.
677 3249 796 3300 Gramm.
814 3249 871 3303 Lat.
891 3247 913 3320 ᾗ.
933 3253 1009 3308 atas.
1114 3307 1115 3310 ,

171 3322 358 3453 petgt'ogesoptt.
384 3314 471 3366 codd.
496 3327 645 3386 petentem,
670 3315 742 3369 uttde
765 3320 887 3386 requiras
914 3322 1043 3383 militem
1070 3319 1125 3402 Psi.
1145 3337 1164 3372 ι.

221 3452 266 3522 22)
284 3453 353 3505 Edd.
372 3463 488 3523 posterr.
507 3439 670 3508 co-trodito.
686 3481 719 3496 =-
738 3457 829 3524 Margo
849 3455 951 3525 Grypb.
969 3417 1130 3527 acciperent.
