2686 3876
210 365 243 420 ia
580 363 613 430 o.
634 361 750 416 cuam
771 361 849 414 auri

169 507 528 570 atmomalitasest.1lta
553 529 593 571 ue
614 509 680 587 ille,
701 509 758 593 qui
780 527 913 572 uxorem
926 507 1027 585 Darii,
1049 508 1105 593 qni
1125 507 1205 570 duas

172 613 177 626 ·
207 586 286 648 silias
308 586 457 669 virgines,
482 529 596 672 quibus
623 589 727 652 forma
747 602 878 673 practer
904 591 1056 652 Roxanen
1077 609 1206 671 compa·

207 669 272 730 rari
292 669 377 728 nulla
401 669 653 750 poterat,'haud
681 670 742 731 alio
776 671 899 738 animo,
930 691 1024 753 quam
1052 670 1207 752 parentis,

171 790 174 796 ·
195 759 390 830 aspexerat,
405 761 481 810 tuno
503 749 534 810 in
555 763 696 816 amorem
716 750 934 834 virgunculae,
955 750 982 812 si
1005 751 1113 832 regiae
1135 751 1209 811 stir-

207 829 240 911 pi
261 841 512 908 compararetur,
541 830 706 912 ignobilis,
736 831 780 892 ita
802 829 924 892 effusus
945 841 1005 907 est,
1026 842 1062 890 ut
1082 830 1209 894 diceret

207 909 247 970 ad
271 907 495 970 stabiliendum
516 923 650 992 regnum
669 912 846 992 pertinere,
865 911 981 970 Persas
1002 921 1035 972 et
1055 910 1207 972 Macedo-

207 1007 264 1060 nes
286 989 443 1052 connubio
465 990 572 1071 iungi:
594 989 656 1052 hoc
676 1011 740 1050 uno
762 991 859 1056 modo
881 1002 914 1050 ct
933 989 1092 1070 pudorem
1113 990 1207 1054 victis

169 1079 247 1130 26et·
267 1069 449 1150 superbiam
473 1069 648 1132 victoribus
671 1070 797 1133 detrahi
818 1090 924 1153 posse.
945 1069 1103 1131 Achillem
1126 1092 1207 1154 quo·

175 1183 181 1216 5
207 1169 285 1234 que,
307 1171 324 1209 a
345 1171 410 1232 quo
431 1170 530 1232 genus
548 1151 617 1243 ipse
638 1149 824 1226 deduceret,
846 1171 918 1212 cum
940 1151 1063 1231 captiva
1085 1151 1205 1212 coisse:

206 1252 246 1292 ne
268 1230 381 1292 inferri
400 1229 490 1290 nefas
505 1230 744 1306 arbitrarentur,
768 1232 811 1292 ita
824 1230 1015 1300 matrimonii
1028 1231 1098 1292 iure
1120 1231 1205 1292 velle

171 1311 304 1392 atiungi.
344 1310 509 1391 Insperato
537 1307 653 1392 gaudio
681 1311 783 1372 laetus
810 1321 903 1404 pater
929 1331 1109 1372 sermonem
1136 1311 1205 1372 eius

209 1391 342 1483 excipit:
358 1401 397 1449 et
416 1410 475 1452 rex
490 1390 522 1450 in
536 1391 641 1452 medio
658 1391 839 1472 cupiditatis
857 1389 972 1450 ardore
983 1390 1075 1452 iussit
1096 1389 1205 1452 afferri

206 1483 313 1552 patrio
333 1489 575 1549 more-spanem.
621 1472 694 1534 Hoc
725 1482 795 1532 erat
819 1469 904 1551 apud
924 1471 1115 1532 Macedones
1137 1492 1206 1532 san·

127 1549 130 1560 '
169 1593 174 1614 ,
209 1549 381 1610 ctissimum
408 1551 591 1611 coe’untium
621 1549 765 1633 pignus„
794 1571 890 1634 quem
924 1549 1060 1612 divisum
1098 1551 1205 1633 gladio
1287 1567 1295 1574 '

170 1641 345 1712 neuterque
370 1629 498 1693 libabat.
539 1629 645 1692 Credo
667 1650 744 1708 eos,
771 1631 827 1714 qui
848 1630 950 1713 gentis
969 1651 1077 1694 mores
1098 1631 1205 1692 condi·

208 1709 336 1785 derunt,
360 1730 458 1790 parco
482 1721 515 1770 et
535 1710 778 1792 parabilivictu
794 1710 963 1772 ostendere
983 1711 1123 1772 voluisse
1138 1713 1205 1772 iun-

171 1788 357 1872 angentibus
378 1811 468 1871 opes,
491 1791 643 1874 quantulo
667 1791 808 1858 contenti
829 1811 898 1852 ease
925 1789 1090 1852 deberent.
1131 1794 1204 1852 Hoc

208 1871 304 1933 modo
325 1891 384 1932 rex
405 1871 498 1932 Asiae
520 1883 553 1932 et
574 1874 725 1967 Europae
753 1871 965 1932 introductam
993 1871 1077 1932 inter
1098 1871 1205 1932 convi-

167 1965 174 2014 ἓ
207 1951 296 2012 vales
317 1951 411 2025 ludos
431 1952 632 2014 matrimonio
653 1953 713 2014 sibi
740 1951 895 2025 adiunxit,
922 1972 941 2011 e
966 1951 1091 2032 captiva
1118 1952 1205 2034 geui-

170 2043 316 2107 aeturus,
336 2031 390 2114 qui
413 2031 584 2093 victoribus
604 2033 787 2114 imperaret.
831 2032 977 2092 Pudebat
998 2031 1127 2104 amicos,
1152 2052 1203 2090 su·

206 2132 267 2192 per
290 2113 394 2172 vinum
417 2122 449 2170 et
463 2113 572 2191 epulas
585 2131 732 2174 socerum
749 2131 790 2171 ex
808 2111 924 2172 deditis
939 2131 1009 2171 esse
1024 2111 1202 2172 delectuma

167 2229 171 2239 -
207 2191 265 2250 sed
289 2202 362 2271 post
377 2190 451 2250 Cliti
473 2191 603 2252 caedem
618 2190 766 2251 libertate
782 2190 916 2268 sublata,
937 2191 1038 2269 vultu,
1061 2193 1116 2274 qui
1137 2214 1204 2254 ma·

206 2269 291 2330 nime
314 2269 424 2337 servit,
445 2271 708 2336 assentiebantur.
850 2270 855 2282 ‘
1117 2282 1121 2289 '

170 2359 235 2420 17,
286 2349 438 2409 Ceterum
454 2349 570 2410 Indiam
586 2362 620 2410 et
633 2349 711 2418 inde,
722 2348 887 2430 Oceanum
901 2349 1069 2431 petiturus,
1080 2359 1129 2410 'ne
1169 2397 1191 2438 v

168 2428 285 2510 ,quid
308 2450 325 2488 a
343 2440 449 2510 tergo,
471 2429 558 2513 quod
575 2429 726 2491 destinata
746 2429 903 2511 impedire
920 2443 1040 2512 posset,
1062 2451 1129 2490 mo·
1193 2423 1201 2441 ’

206 2521 358 2584 veretur,
381 2528 420 2569 ex
448 2509 594 2570 'omnibus
616 2509 788 2591 provinciis
816 2511 905 2586 XXX
934 2511 1018 2570 milia
1044 2510 1202 2570 iuniorum

167 2588 268 2669 elegi
293 2591 382 2652 iussit
407 2602 441 2650 et
461 2588 500 2650 ad
524 2609 558 2650 se
580 2601 698 2650 armata
718 2588 864 2670 perduci,
889 2590 1016 2651 obsides
1037 2590 1130 2652 simul
1150 2588 1203 2648 ha·

113 2701 115 2706 ·
174 2713 178 2744 z
206 2669 332 2732 biturus
354 2683 388 2732 et
408 2671 532 2736 milites.
559 2673 725 2736 Craterum
746 2668 785 2729 ad
806 2670 1047 2753 persequendos
1067 2672 1202 2730 Hausta-

205 2770 277 2811 nem
298 2763 332 2812 et
356 2755 526 2825 Catonem,
550 2750 605 2835 qui
627 2749 754 2830 abipso
776 2749 974 2825 defecerant,
996 2750 1098 2811 misit:
1122 2769 1202 2832 quo·

204 2849 276 2902 rum
297 2835 473 2893 Haustanes
496 2843 607 2913 eaptus
630 2843 687 2902 est,
710 2832 847 2890 Catenes
867 2831 897 2892 in
918 2831 1045 2911 proelio
1064 2830 1200 2894 occisus.

204 2911 407 2992 Polypercon
430 2933 559 2996 quoque
580 2911 763 2994 regionem,
796 2931 877 2994 quae
897 2910 1070 2972 Bubacene
1092 2911 1201 2992 appel·

224 3053 403 3068 Q

255 3147 299 3215 25)
316 3161 447 3218 potuerat
463 3152 503 3202 Fl.
521 3152 597 3206 Leid.
625 3178 658 3190 -
693 3149 761 3204 edd.
783 3149 846 3220 qdd.
866 3152 896 3202 r'n
915 3167 1015 3204 amore.
1052 3179 1087 3194 -
1123 3150 1201 3202 Frsb.

204 3230 452 3352 conbllilrllldrlloss.
471 3274 494 3340 i.
513 3287 696 3342 arbitrentur.

256 3354 300 3420 ²7)
314 3354 411 3416 medio
430 3356 527 3405 omissa
543 3373 668 3425 praepos.
687 3359 716 3407 in
737 3352 813 3405 Frsb.
833 3353 949 3408 Theocr.
967 3352 1116 3406 immodico.

256 3423 300 3487 30)
321 3425 391 3475 idem
409 3433 504 3475 contra
524 3433 593 3491 optt.
613 3425 701 3479 codd,
720 3424 839 3473 electum.

273 3493 299 3559 a)
324 3493 406 3544 Voss.
426 3509 452 3543 a.
471 3501 571 3559 transp.
592 3495 726 3561 regionem
746 3507 862 3560 quoque.
909 3509 918 3520 ‘
