2686 3876
179 376 212 428 aa
458 389 462 395 ·
520 348 805 434 ·'Qssc'unr11'n'ur1
872 353 874 360 ⁴

179 511 392 600 perducitur.)
432 506 627 578 Perventum
655 517 732 576 erat·
747 511 778 576 in
801 515 969 598 parvulum
984 511 1167 593 oppidum:

179 597 377 658 Branchidae
399 593 465 656 cius
486 596 608 656 incolae
629 604 745 668 eraut„
770 599 880 658 Mileto
906 594 1062 678 quondam
1084 593 1189 664 iussus

156 692 162 723 1
180 677 305 746 Xerxis,
327 697 399 736 cum
422 685 440 737 e
465 677 597 737 Graecia
618 676 751 746 rediret,
773 677 979 741 transierant,
1017 685 1050 732 et
1075 673 1170 732 inea

180 757 257 818 sede
278 757 494 831 constiterant,
515 757 587 842 quia
608 757 777 838 templum,
800 757 886 842 quod
911 755 1090 834 Didymeon
1118 775 1184 832 ap-·

148 838 335 918 uspiellatur,
356 832 540 919 ingratiam
561 837 673 896 Xerxis
696 837 898 898 violaverant.
942 837 1048 896 Mores
1078 833 1172 914 patrii

150 929 161 999 J
179 917 321 979 nondum
342 919 566 986 exoleverint,
589 917 646 976 scd
669 918 730 977 iam
757 919 913 1000 bilingues
940 923 1041 984 erant,
1064 913 1184 994 paulav

181 998 239 1058 tim
261 1019 277 1057 a
298 995 471 1058 domestico
494 1007 625 1058 externo
646 1016 809 1076 sermone,
827 999 1013 1080 degeneres.
1056 995 1185 1074 Magno·

182 1078 279 1160 igitur
303 1077 419 1158 gaudio
440 1099 551 1159 regem
563 1076 733 1158 excipiunt,
754 1079 867 1139 urbem
884 1097 983 1158 seque
1008 1073 1171 1134 dedentes.

183 1161 240 1218 llle
269 1159 426 1236 Milesiae,
485 1158 516 1216 ui
543 1156 626 1238 apud
645 1157 758 1238 ¹ipsum
785 1160 977 1231 militarent,
1003 1157 1173 1216 convocari

146 1236 282 1305 aoiubet.
311 1240 413 1302 Vetus
436 1177 544 1298 odium
561 1237 675 1300 Milesii
697 1240 853 1318 gerebant
872 1239 904 1298 in
924 1235 1173 1298 Branchidarum

170 1327 317 1402 gentem.
352 1317 492 1386 Proditis
514 1338 604 1400 ergo,
629 1317 695 1381 sive
716 1319 849 1380 iniuriae
870 1317 937 1378 sive
959 1315 1088 1393 Originis
1108 1335 1174 1374 me-

181 1399 308 1460 minisse
329 1398 468 1467 mallent,
489 1397 625 1458 liberum
648 1399 688 1458 de
709 1399 895 1460 Branchidis
916 1396 1071 1478 permittit
1092 1393 1173 1454 arbi·

147 1479 287 1544 aitrium.
329 1478 529 1541 Variantibus
551 1478 666 1539 deinde
687 1479 864 1548 sententiis,
894 1499 928 1538 se
949 1478 1052 1558 ipsum
1074 1476 1176 1538 consi-

158 1555 371 1618 ‘dcraturnm
393 1557 480 1641 quod
502 1559 656 1640 optimum
684 1559 771 1619 factu
798 1571 899 1627 esset,
922 1557 1069 1619 ostendit.
1111 1559 1174 1617 Po·

184 1649 272 1700 stero
294 1640 345 1699 die
367 1639 624 1708 occurrentibus,
646 1639 839 1700 Branchidas
866 1644 973 1700 secum
995 1637 1177 1720 procedere

185 1719 285 1781 iubet.
329 1719 472 1802 Cumque
500 1718 539 1779 ad
567 1721 682 1798 urbem
709 1723 844 1780 ventum
866 1725 968 1796 e'sset,
1004 1721 1073 1798 ipsc
1103 1737 1176 1778 cum

146 1799 334 1880 szexpedita
353 1821 446 1858 manu
467 1797 594 1880 portani
613 1801 716 1860 intrat.
754 1801 893 1860 Phalanx
920 1801 1044 1860 moenia
1066 1795 1176 1879 oppidi

187 1879 358 1940 circumire
381 1881 464 1940 iussa
488 1892 521 1940 et
549 1879 623 1941 dato
646 1880 735 1962 signo
757 1881 897 1962 diripere
919 1881 1045 1955 urbem,
1066 1878 1176 1960 prodi
1264 1869 1271 1882 ⁸

59 2029 75 2040 Ι,
152 1961 565 2042 ustorum‘receptaculum,
590 1961 740 2045 ipsosque
762 1963 801 2022 ad
821 1984 917 2022 unum
942 1961 1088 2021 caedere.
1128 1959 1177 2017 Illi

186 2040 323 2100 inermes
346 2041 462 2123 passim
488 2040 704 2118 trucidantur,
730 2063 789 2103 nec
818 2054 871 2102 aut
899 2040 1091 2102 commercio
1120 2039 1177 2098 lin-

187 2141 267 2202 guae
294 2133 347 2180 aut
377 2121 556 2202 supplicum
582 2122 766 2184 velamentis
796 2121 1010 2204 precibusque
1040 2119 1177 2179 inhiberi

187 2199 360 2260 crudelitas
383 2212 499 2281 potest.
535 2201 686 2278 Tandem,
708 2215 744 2264 ut
764 2203 948 2272 deiicerent,
974 2199 1178 2260 fundamenta
1198 2241 1201 2246 -

188 2301 357 2341 murorum
378 2281 415 2340 ab
437 2281 500 2340 imo
523 2280 706 2361 moliuntur,
731 2272 770 2344 ne
793 2282 879 2366 quod
900 2281 987 2341 urbis
1010 2281 1178 2363 vestigium

150 2371 338 2424 assisteret.
379 2363 517 2423 Nemora
547 2383 675 2446 quoque
705 2373 737 2425 ct
763 2367 852 2424 lucos
882 2381 988 2422 sacros
1019 2383 1081 2421 non
1109 2381 1178 2436 cae-

188 2439 267 2500 dunt
294 2439 390 2502 modo
419 2441 477 2503 sed
505 2443 598 2503 etiam
627 2445 818 2526 exstirpant,
852 2456 889 2504 ut
920 2445 1005 2504 vasta
1040 2441 1177 2501 solitudo

243 2646 289 2713 28)
310 2648 339 2700 P.
358 2656 459 2719 transp.
479 2663 559 2701 orarit
575 2651 681 2701 incolae
700 2652 766 2700 eius.

114 2766 115 2774 ,
190 2731 196 2746 ⁶
226 2715 289 2781 ⁴29)
309 2725 377 2782 optt.
396 2719 483 2770 codd.
503 2722 678 2780 exoletarum
697 2720 731 2769 cf.
745 2716 867 2767 ituddim.
886 2717 981 2768 Institt.
999 2721 1020 2786 l,
1040 2727 1099 2784 220,
1117 2728 1180 2770 nota

191 2779 338 2848 9Q·;'V088·
358 2793 380 2839 1·
391 2787 421 2842 D,
436 2790 518 2855 Bong.
541 2789 722 2850 exsolverunt,
742 2785 815 2854 quod
832 2787 941 2852 probari
961 2798 1059 2856 potest,
1077 2793 1099 2838 si
1116 2792 1179 2840 lect.

190 2853 270 2902 Voss.
291 2859 306 2906 2
335 2855 363 2902 B·
386 2870 407 2907 1.
426 2859 564 2924 respicias,
582 2857 626 2922 qui
644 2855 744 2904 habent
759 2855 879 2924 ριιτνιόε,Ι
900 2857 972 2908 unde
992 2861 1051 2925 quis
1070 2867 1180 2906 exitaret

192 2921 325 2970 coniiciat.
336 2949 366 2959 -
377 2924 451 2974 Frsh.
466 2927 552 2975 invitis
569 2933 636 2990 optt.
653 2923 739 2973 Codd.
757 2935 934 2993 exterritique,
953 2929 1035 2992 male;
1057 2933 1097 2977 est
1110 2927 1181 2976 enim

156 3029 161 3037 .
192 2988 304 3036 exteram
332 3009 452 3044 sermone
473 2993 544 3043 idem
568 2993 639 3060 quod
665 3009 715 3060 per
738 3001 879 3042 externum
901 3009 1058 3045 sermonem.
1084 3021 1115 3030 -·
1145 2995 1182 3044 al,

192 3055 355 3122 militabunt.

246 3128 292 3183 sut
304 3127 349 3178 ‘at
370 3127 439 3179 Edd.
459 3125 533 3196 quid.
551 3138 607 3195 opt.
627 3135 652 3177 et
661 3127 782 3195 foetum.

144 3249 148 3256 Δ
241 3192 293 3328 Ὦ
305 3198 381 3262 vulgo
402 3213 462 3248 cnm
480 3195 554 3256 Mod.
573 3204 599 3246 et
615 3196 697 3262 Bong.
715 3198 894 3267 supplicium
913 3198 947 3252 cs.
960 3195 1084 3266 Ruddim.
1100 3200 1122 3264 1,
1136 3199 1182 3264 98,

192 3274 249 3314 noi.
296 3299 302 3313 .
573 3301 577 3306 -

244 3330 288 3398 34)
306 3329 384 3380 Frsh.
404 3345 452 3377 nec
469 3345 559 3380 mora:
579 3331 654 3382 bicos
679 3349 787 3403 qttoque
807 3351 923 3393 sucrns‚·
948 3331 995 3384 sed
1016 3333 1106 3385 Codri.
1134 3351 1182 3383 nec
1213 3393 1214 3400 ἵ

192 3417 271 3448 moro
288 3415 396 3466 quoque
415 3398 490 3448 lucos
510 3417 615 3460 sacros,
631 3401 701 3453 unde
722 3403 857 3453 Acidulius
885 3419 945 3453 earu
966 3403 1028 3456 lect.
1054 3404 1181 3466 coniecit,

105 3477 109 3482 ·
192 3484 272 3534 quam
290 3467 428 3532 Zumptius
447 3467 474 3516 in
492 3477 592 3520 tortum
608 3473 721 3538 recepit.
741 3497 773 3510 -
793 3471 875 3520 Voss,
889 3487 913 3520 a.
933 3473 1026 3527 omitt.'
1040 3469 1130 3522 modu.
1166 3520 1168 3524 .
