2688 3872
440 367 484 418 ot
506 366 628 416 Ges'rts
646 367 746 416 ALEX.
764 367 811 429 tx,
831 381 873 416 aa.
1099 372 1149 424 139

161 517 256 599 gittae
288 514 420 596 corpori
446 510 593 586 infixum,
629 512 673 572 ita
692 530 741 576 ue
771 514 925 594 spiculum
948 525 1156 586 moveretur,

162 595 337 660 abscidunt.
395 595 541 674 Corpore
575 587 704 654 deinde*
724 593 860 670 nudato,
899 593 1186 660 animadvertuutzn

159 675 267 738 hamos
288 676 390 735 inesse
410 674 493 746 telo,
524 693 584 734 uec
613 672 703 732 aliter
723 673 756 732 id
781 674 846 734 sine
867 675 1009 754 pernicie
1034 694 1151 754 corpo·

159 757 203 816 ris
225 753 348 816 extrahi
368 772 482 834 posse,
512 773 606 836 quam
634 763 669 812 ut
692 753 828 814 secando
849 755 964 814 vulnus
985 766 1149 836 augerent.

161 838 312 896 Ceterum
333 853 374 912 ne
402 843 543 894 secantes
557 829 762 914 profluvium
783 834 939 914 sanguinis
966 847 1187 915 occupantes

159 914 372 988 verebantur5
394 913 512 995 quippe
532 913 641 994 ingens
657 913 761 986 ,telum
781 914 923 974 adactum
944 926 1021 987 erat,
1043 925 1074 974 et
1095 935 1151 995 pe·

160 1006 302 1054 netrasse
331 993 511 1055 inviscera
540 991 716 1057 videbatur.
759 994 962 1064 Critobulus,
985 994 1067 1054 inter
1087 1015 1188 1060 me-es

160 1073 250 1136 dicos
278 1071 352 1134 artis
383 1073 530 1139 eximiae,
560 1072 617 1133 sed
655 1080 687 1132 in
719 1085 807 1135 tanto
836 1073 980 1154 periculo
1010 1074 1151 1148 territus,
1180 1073 1185 1096 '

161 1173 271 1214 manus
292 1147 464 1214 admovere
485 1151 662 1227 metuebat,
689 1174 729 1214 ne
750 1153 780 1214 in
801 1153 899 1234 ipsius
924 1165 1020 1234 eaput
1039 1173 1151 1234 parum

161 1252 335 1314 prosperae
356 1234 541 1296 curationis
555 1232 717 1294 recideret
742 1247 881 1300 eventus.
922 1233 1190 1302 Lacrimantemae

164 1333 296 1376 eumue
324 1311 516 1392 metuentem
549 1324 581 1374 et
610 1313 821 1376 sollieitudine
844 1313 1077 1396 propemodum
1100 1333 1152 1372 ex·

162 1413 313 1474 sanguem
343 1415 401 1454 rex
438 1389 657 1474 conspexerat.
719 1394 823 1481 Quid,
867 1394 987 1477 inquit,
1023 1393 1154 1476 quodve

161 1486 288 1553 tempus
310 1484 483 1566 esspectas,
505 1486 538 1534 et
558 1489 619 1536 non
641 1475 871 1594 quamprimrpn
891 1475 953 1536 boo
968 1475 1081 1536 dolore
1101 1493 1153 1534 me

162 1553 273 1613 saltem
298 1557 487 1614 morrturum
517 1553 650 1614 liberas.
703 1557 752 1614 An
780 1555 892 1630 times,
927 1576 968 1614 ne
995 1575 1070 1618 reus
1101 1554 1154 1628 sis,

163 1654 234 1693 cum
255 1631 424 1692 insanabile
444 1633 778 1714 vulnus'aeceperim?
806 1637 849 1694 At
878 1635 1059 1699 Critobulus
1092 1646 1191 1694 tan-27

162 1713 235 1774 dem
256 1713 309 1774 vel
332 1711 420 1774 finito
442 1713 494 1773 rel
519 1714 713 1774 dissimulato
734 1725 823 1774 metu
842 1713 965 1776 hortari
986 1736 1058 1776 eum
1080 1735 1153 1776 coe-

162 1793 221 1931 pit,
242 1799 281 1853 ut'
300 1813 335 1854 se
354 1793 577 1880 continendum
594 1793 774 1873 praeberet,
796 1786 871 1861 (luni
892 1795 1048 1874 spiculum
1070 1794 1156 1854 evel-

176 1886 266 1935 eret:
304 1871 398 1932 etiam
430 1873 535 1934 levem
572 1873 718 1952 corporis
759 1885 880 1938 motum
911 1873 1038 1934 noxium
1071 1873 1153 1934 fore.

162 1953 233 2014 Rex
254 1972 326 2012 cum
349 1949 554 2026 affirmasset,
578 1939 655 2012 nihil
682 1973 762 2033 opus
792 1944 864 2021 esse
889 1952 952 2022 his,
981 1954 1036 2036 qui
1057 1963 1193 2014 semotae

163 2033 382 2108 continerent,
410 2038 492 2092 sieut
512 2045 721 2113 praeceptum
743 2044 829 2107 erat,
860 2033 926 2094 sine
955 2045 1045 2094 motu
1065 2053 1158 2113 prae-

121 2121 125 2131 ‘
167 2111 237 2173 buit
258 2133 386 2193 corpus.
409 2112 509 2195 Igitur
530 2113 691 2194 patel'aeto
711 2112 804 2193 latius
816 2113 961 2189 vulnere,
982 2126 1015 2174 et
1035 2113 1158 2194 spiculo

168 2193 288 2262 evolso,
309 2193 419 2278 ingens
441 2193 488 2252 vis
517 2193 673 2276 sanguinis
701 2201 827 2277 manare
850 2194 966 2275 eoepit,
990 2193 1158 2278 linquique
1190 2231 1192 2236 -

129 2275 132 2283 '
163 2267 347 2351 animo¹res
370 2285 423 2348 et,
445 2273 577 2354 caligine
600 2269 699 2336 oeulis
728 2271 847 2348 offusa,
876 2275 975 2335 veluti
995 2273 1158 2336 moribun-

163 2352 222 2412 dus
245 2353 380 2434 euteudi.
409 2357 552 2436 Cumque
571 2352 764 2447 prolluvium
785 2341 1020 2416 medicamentis
1041 2354 1198 2426 frustrazp

164 2429 362 2510 inhiberent,
397 2434 517 2496 clamor
554 2435 646 2494 simul
680 2447 776 2518 atque
814 2435 957 2516 ploratus
986 2435 1159 2496 amicorum
1184 2431 1185 2438 '

166 2511 280 2587 oritur,
298 2534 410 2594 regem
431 2515 604 2595 exspirasse
626 2515 834 2576 credentium.
877 2515 1017 2594 'l'apdem
1045 2513 1159 2576 eonsti—
1192 2523 1193 2528 ’

164 2590 204 2664 tit
225 2593 368 2674 sanguis,
404 2595 619 2676 paulatimque
647 2595 780 2654 animum
806 2595 939 2674 ‘recepit
965 2606 998 2653 et
1026 2593 1158 2653 circum·

166 2679 282 2729 stantes
306 2673 414 2753 coepit
434 2693 618 2753 agnoscere.
652 2676 736 2734 Toto
759 2692 798 2733 eo
820 2673 871 2731 die
892 2692 928 2732 ac
949 2685 1053 2748 nocte,
1077 2677 1198 2754 quaeso

166 2760 276 2809 secuta
297 2762 513 2828 estparmatus
534 2751 692 2812 exercitus
718 2751 840 2832 regiam
866 2751 1008 2830 obsedit,
1034 2751 1158 2814 contes-

164 2936 357 2949 Ι--ιι-ι--ι

216 2987 260 3055 22)
279 2991 334 3041 Frs.
355 2998 449 3040 contra
469 2989 555 3040 Ced'd.
572 2989 677 3056 lignum
695 2989 738 3040 ba
749 3007 762 3037 s
775 3001 810 3040 ta
819 3008 840 3038 e.
849 3019 879 3027 —-
895 2987 964 3050 idem
976 2985 1158 3047 abscinderem

166 3058 202 3108 cl.
221 3058 356 3110 Drakenb.
381 3057 414 3108 ad
434 3059 529 3108 Silium
548 3060 607 3108 ltal.
627 3059 685 3122 XV,
704 3058 764 3123 473,
778 3067 808 3107 et
827 3058 860 3107 ad
879 3059 934 3106 Liv.
953 3058 1051 3121 XXXI,
1071 3056 1112 3122 34,
1132 3063 1157 3112 2.

217 3125 261 3192 23)
280 3142 330 3194 pro
348 3125 467 3176 secondo
490 3137 558 3195 optt.
580 3125 667 3178 Codrl„
689 3124 818 3175 secundo.
1192 3171 1195 3178 ,

218 3197 261 3261 25)
280 3197 320 3244 Fl.
338 3195 413 3262 beid.
440 3196 515 3248 Voss.
541 3214 562 3250 ι,
580 3211 604 3245 a.
622 3213 682 3246 eum
699 3193 769 3246 Edd.
793 3203 854 3246 vett.
879 3196 964 3244 omitt.
985 3210 1079 3244 mortue
1097 3200 1156 3242 ante

167 3261 317 3315 ndnaovere.

217 3332 262 3398 29)
280 3331 336 3381 Pal.
358 3339 381 3386 1.
400 3331 477 3380 Voss,
497 3337 521 3385 2.
539 3334 625 3380 omitt.
646 3345 734 3396 regem
750 3339 810 3381 anto
831 3333 989 3399 erqrirnsse.
1020 3355 1052 3366 ·-
1080 3329 1156 3377 Voss.

167 3418 191 3451 a.
210 3401 336 3451 conanus
352 3409 379 3450 et
396 3400 515 3469 receptu
532 3400 603 3451 idem
622 3417 684 3450 cum
705 3399 761 3449 Pal.
776 3416 798 3454 r.
821 3401 909 3454 omitt.
930 3411 955 3449 et
968 3408 1028 3450 ante
1039 3399 1157 3448 circum·

169 3480 280 3518 suentes.
