<?xml version="1.0" encoding="UTF-8"?>
<!DOCTYPE html PUBLIC "-//W3C//DTD XHTML 1.0 Transitional//EN"
    "http://www.w3.org/TR/xhtml1/DTD/xhtml1-transitional.dtd">
<html xmlns="http://www.w3.org/1999/xhtml" xml:lang="en" lang="en">
 <head>
  <title>
</title>
<meta http-equiv="Content-Type" content="text/html;charset=utf-8" />
  <meta name='ocr-system' content='tesseract 3.04.00' />
  <meta name='ocr-capabilities' content='ocr_page ocr_carea ocr_par ocr_line ocrx_word'/>
</head>
<body>
  <div class='ocr_page' id='page_1' title='image "./degestisalexand00baumgoog_0122.png"; bbox 0 0 2688 3872; ppageno 0'>
   <div class='ocr_carea' id='block_1_1' title="bbox 213 318 839 386">
    <p class='ocr_par' dir='ltr' id='par_1_1' title="bbox 213 318 839 386">
     <span class='ocr_line' id='line_1_1' title="bbox 213 318 839 386; baseline -0.014 -8"><span class='ocrx_word' id='word_1_1' title='bbox 213 325 260 378; x_wconf 68' lang='lat'><strong>112</strong></span> <span class='ocrx_word' id='word_1_2' title='bbox 569 321 601 386; x_wconf 79' lang='lat' dir='ltr'><strong>Q·</strong></span> <span class='ocrx_word' id='word_1_3' title='bbox 623 318 741 370; x_wconf 70' lang='lat' dir='ltr'><strong>centn</strong></span> <span class='ocrx_word' id='word_1_4' title='bbox 760 319 839 372; x_wconf 70' lang='lat' dir='ltr'><strong>nuti</strong></span> 
     </span>
    </p>
   </div>
   <div class='ocr_carea' id='block_1_2' title="bbox 119 468 1286 3092">
    <p class='ocr_par' dir='ltr' id='par_1_2' title="bbox 119 468 1286 3092">
     <span class='ocr_line' id='line_1_2' title="bbox 208 468 1283 551; baseline 0 -21"><span class='ocrx_word' id='word_1_5' title='bbox 208 477 337 546; x_wconf 76' lang='lat' dir='ltr'><strong>terram,</strong></span> <span class='ocrx_word' id='word_1_6' title='bbox 359 469 398 529; x_wconf 82' lang='lat' dir='ltr'><strong>&#39;ab</strong></span> <span class='ocrx_word' id='word_1_7' title='bbox 419 469 494 550; x_wconf 87' lang='lat' dir='ltr'><strong>ipsis</strong></span> <span class='ocrx_word' id='word_1_8' title='bbox 516 468 755 530; x_wconf 78' lang='lat' dir='ltr'><strong>obterebantur.</strong></span> <span class='ocrx_word' id='word_1_9' title='bbox 791 471 903 551; x_wconf 88' lang='lat' dir='ltr'><strong>ltaque</strong></span> <span class='ocrx_word' id='word_1_10' title='bbox 929 488 1086 549; x_wconf 85' lang='lat' dir='ltr'><strong>pecorum</strong></span> <span class='ocrx_word' id='word_1_11' title='bbox 1106 468 1205 530; x_wconf 87' lang='lat' dir='ltr'><strong>modo</strong></span> <span class='ocrx_word' id='word_1_12' title='bbox 1279 500 1283 505; x_wconf 92' lang='lat'><em>·</em></span> 
     </span>
     <span class='ocr_line' id='line_1_3' title="bbox 169 547 1206 631; baseline -0.002 -23"><span class='ocrx_word' id='word_1_13' title='bbox 169 550 178 616; x_wconf 51' lang='lat' dir='ltr'>s</span> <span class='ocrx_word' id='word_1_14' title='bbox 208 552 306 629; x_wconf 75' lang='lat' dir='ltr'><strong>magis</strong></span> <span class='ocrx_word' id='word_1_15' title='bbox 337 551 445 630; x_wconf 89' lang='lat' dir='ltr'><strong>pavidi</strong></span> <span class='ocrx_word' id='word_1_16' title='bbox 472 571 566 631; x_wconf 89' lang='lat' dir='ltr'><strong>quam</strong></span> <span class='ocrx_word' id='word_1_17' title='bbox 595 547 703 608; x_wconf 84' lang='lat' dir='ltr'><strong>infesti</strong></span> <span class='ocrx_word' id='word_1_18' title='bbox 739 547 823 608; x_wconf 84' lang='lat' dir='ltr'><strong>ultra</strong></span> <span class='ocrx_word' id='word_1_19' title='bbox 851 549 951 608; x_wconf 84' lang='lat' dir='ltr'>aciem</span> <span class='ocrx_word' id='word_1_20' title='bbox 975 548 1206 629; x_wconf 82' lang='lat' dir='ltr'><strong>exigebantur3</strong></span> 
     </span>
     <span class='ocr_line' id='line_1_4' title="bbox 172 626 1205 708; baseline -0.004 -17"><span class='ocrx_word' id='word_1_21' title='bbox 172 644 279 691; x_wconf 75' lang='lat' dir='ltr'><strong>ereum</strong></span> <span class='ocrx_word' id='word_1_22' title='bbox 310 632 431 702; x_wconf 84' lang='lat' dir='ltr'><strong>Porus,</strong></span> <span class='ocrx_word' id='word_1_23' title='bbox 459 629 629 688; x_wconf 79' lang='lat' dir='ltr'><strong>destitutus</strong></span> <span class='ocrx_word' id='word_1_24' title='bbox 664 650 681 686; x_wconf 89' lang='lat' dir='ltr'><strong>a</strong></span> <span class='ocrx_word' id='word_1_25' title='bbox 709 627 873 708; x_wconf 83' lang='lat' dir='ltr'><strong>pluribus.</strong></span> <span class='ocrx_word' id='word_1_26' title='bbox 902 629 974 700; x_wconf 26' lang='lat' dir='ltr'><strong>*tela</strong></span> <span class='ocrx_word' id='word_1_27' title='bbox 1002 626 1102 687; x_wconf 89' lang='lat' dir='ltr'><strong>multo</strong></span> <span class='ocrx_word' id='word_1_28' title='bbox 1131 639 1205 688; x_wconf 88' lang='lat' dir='ltr'><strong>auto</strong></span> 
     </span>
     <span class='ocr_line' id='line_1_5' title="bbox 209 705 1286 800; baseline 0 -34"><span class='ocrx_word' id='word_1_29' title='bbox 209 713 396 800; x_wconf 81' lang='lat' dir='ltr'><strong>praeparata</strong></span> <span class='ocrx_word' id='word_1_30' title='bbox 423 705 454 768; x_wconf 90' lang='lat' dir='ltr'><strong>in</strong></span> <span class='ocrx_word' id='word_1_31' title='bbox 486 705 697 766; x_wconf 78' lang='lat' dir='ltr'><strong>circumfusos</strong></span> <span class='ocrx_word' id='word_1_32' title='bbox 729 727 768 766; x_wconf 89' lang='lat' dir='ltr'><strong>ex</strong></span> <span class='ocrx_word' id='word_1_33' title='bbox 798 705 970 784; x_wconf 17' lang='lat' dir='ltr'><strong>elephanto*</strong></span> <span class='ocrx_word' id='word_1_34' title='bbox 1007 727 1065 770; x_wconf 83' lang='lat' dir='ltr'><strong>suo</strong></span> <span class='ocrx_word' id='word_1_35' title='bbox 1100 707 1209 786; x_wconf 85' lang='lat' dir='ltr'><strong>coepit</strong></span> <span class='ocrx_word' id='word_1_36' title='bbox 1280 707 1286 712; x_wconf 77' lang='grc'><strong>’</strong></span> 
     </span>
     <span class='ocr_line' id='line_1_6' title="bbox 209 785 1208 868; baseline 0.002 -24"><span class='ocrx_word' id='word_1_37' title='bbox 209 807 374 868; x_wconf 81' lang='lat' dir='ltr'><strong>ingerere,</strong></span> <span class='ocrx_word' id='word_1_38' title='bbox 400 787 570 868; x_wconf 87' lang='lat' dir='ltr'><strong>multisque</strong></span> <span class='ocrx_word' id='word_1_39' title='bbox 591 785 711 845; x_wconf 88' lang='lat' dir='ltr'><strong>eminus</strong></span> <span class='ocrx_word' id='word_1_40' title='bbox 733 785 922 856; x_wconf 74' lang='lat' dir='ltr'><strong>vulneratis,</strong></span> <span class='ocrx_word' id='word_1_41' title='bbox 950 786 1112 866; x_wconf 82' lang='lat' dir='ltr'><strong>expositus</strong></span> <span class='ocrx_word' id='word_1_42' title='bbox 1137 786 1208 866; x_wconf 87' lang='lat' dir='ltr'><strong>ipsc</strong></span> 
     </span>
     <span class='ocr_line' id='line_1_7' title="bbox 171 863 1209 947; baseline -0.004 -19"><span class='ocrx_word' id='word_1_43' title='bbox 171 867 247 939; x_wconf 77' lang='lat' dir='ltr'><strong>ecad</strong></span> <span class='ocrx_word' id='word_1_44' title='bbox 271 867 352 926; x_wconf 91' lang='lat' dir='ltr'><strong>ictus</strong></span> <span class='ocrx_word' id='word_1_45' title='bbox 373 866 515 947; x_wconf 90' lang='lat' dir='ltr'><strong>undique</strong></span> <span class='ocrx_word' id='word_1_46' title='bbox 536 863 717 944; x_wconf 81' lang='lat' dir='ltr'><strong>petebatur.</strong></span> <span class='ocrx_word' id='word_1_47' title='bbox 750 866 874 923; x_wconf 88' lang='lat' dir='ltr'><strong>Novem</strong></span> <span class='ocrx_word' id='word_1_48' title='bbox 894 864 957 923; x_wconf 85' lang='lat' dir='ltr'><strong>iam</strong></span> <span class='ocrx_word' id='word_1_49' title='bbox 979 865 1111 924; x_wconf 87' lang='lat' dir='ltr'><strong>vulnera</strong></span> <span class='ocrx_word' id='word_1_50' title='bbox 1134 864 1209 924; x_wconf 91' lang='lat' dir='ltr'><strong>hinc</strong></span> 
     </span>
     <span class='ocr_line' id='line_1_8' title="bbox 208 944 1208 1037; baseline 0 -33"><span class='ocrx_word' id='word_1_51' title='bbox 208 959 322 1024; x_wconf 78' lang='lat' dir='ltr'><strong>tergo,</strong></span> <span class='ocrx_word' id='word_1_52' title='bbox 350 945 435 1006; x_wconf 92' lang='lat' dir='ltr'><strong>illinc</strong></span> <span class='ocrx_word' id='word_1_53' title='bbox 467 955 603 1037; x_wconf 89' lang='lat' dir='ltr'><strong>pectore</strong></span> <span class='ocrx_word' id='word_1_54' title='bbox 636 955 826 1024; x_wconf 74' lang='lat' dir='ltr'><strong>exceperat,</strong></span> <span class='ocrx_word' id='word_1_55' title='bbox 859 944 1026 1024; x_wconf 88' lang='lat' dir='ltr'><strong>multoque</strong></span> <span class='ocrx_word' id='word_1_56' title='bbox 1053 945 1208 1024; x_wconf 78' lang='lat' dir='ltr'><strong>sangnine</strong></span> 
     </span>
     <span class='ocr_line' id='line_1_9' title="bbox 207 1021 1206 1104; baseline 0 -21"><span class='ocrx_word' id='word_1_57' title='bbox 207 1024 342 1103; x_wconf 84' lang='lat' dir='ltr'><strong>profuso</strong></span> <span class='ocrx_word' id='word_1_58' title='bbox 370 1023 524 1101; x_wconf 81' lang='lat' dir='ltr'><strong>langurdis</strong></span> <span class='ocrx_word' id='word_1_59' title='bbox 557 1021 699 1081; x_wconf 89' lang='lat' dir='ltr'><strong>manibus</strong></span> <span class='ocrx_word' id='word_1_60' title='bbox 729 1023 826 1103; x_wconf 84' lang='lat' dir='ltr'><strong>magis</strong></span> <span class='ocrx_word' id='word_1_61' title='bbox 853 1023 959 1102; x_wconf 85' lang='lat' dir='ltr'><strong>elapsa</strong></span> <span class='ocrx_word' id='word_1_62' title='bbox 980 1043 1075 1104; x_wconf 86' lang='lat' dir='ltr'><strong>quarn</strong></span> <span class='ocrx_word' id='word_1_63' title='bbox 1096 1043 1206 1084; x_wconf 86' lang='lat' dir='ltr'><strong>excus-</strong></span> 
     </span>
     <span class='ocr_line' id='line_1_10' title="bbox 170 1100 1209 1182; baseline 0.002 -22"><span class='ocrx_word' id='word_1_64' title='bbox 170 1116 241 1164; x_wconf 79' lang='lat' dir='ltr'><strong>eesa</strong></span> <span class='ocrx_word' id='word_1_65' title='bbox 260 1105 324 1162; x_wconf 87' lang='lat' dir='ltr'><strong>tela</strong></span> <span class='ocrx_word' id='word_1_66' title='bbox 345 1102 499 1163; x_wconf 87' lang='lat' dir='ltr'><strong>mittebat.</strong></span> <span class='ocrx_word' id='word_1_67' title='bbox 547 1102 615 1159; x_wconf 87' lang='lat' dir='ltr'><strong>Nec</strong></span> <span class='ocrx_word' id='word_1_68' title='bbox 646 1101 772 1182; x_wconf 81' lang='lat' dir='ltr'><strong>segnius</strong></span> <span class='ocrx_word' id='word_1_69' title='bbox 800 1100 911 1172; x_wconf 80' lang='lat' dir='ltr'><strong>belua,</strong></span> <span class='ocrx_word' id='word_1_70' title='bbox 936 1101 1082 1161; x_wconf 88' lang='lat' dir='ltr'><strong>instincta</strong></span> <span class='ocrx_word' id='word_1_71' title='bbox 1108 1102 1209 1176; x_wconf 84' lang='lat' dir='ltr'><strong>rabie,</strong></span> 
     </span>
     <span class='ocr_line' id='line_1_11' title="bbox 181 1175 1209 1254; baseline 0.001 -14"><span class='ocrx_word' id='word_1_72' title='bbox 181 1182 346 1242; x_wconf 88' lang='lat' dir='ltr'><strong>nondum</strong></span> <span class='ocrx_word' id='word_1_73' title='bbox 377 1181 481 1240; x_wconf 85' lang='lat' dir='ltr'><strong>saucia</strong></span> <span class='ocrx_word' id='word_1_74' title='bbox 507 1175 719 1238; x_wconf 80' lang='lat' dir='ltr'><strong>invehebatur</strong></span> <span class='ocrx_word' id='word_1_75' title='bbox 747 1179 929 1254; x_wconf 81' lang='lat' dir='ltr'><strong>ordinibus3</strong></span> <span class='ocrx_word' id='word_1_76' title='bbox 964 1181 1067 1241; x_wconf 88' lang='lat' dir='ltr'><strong>donee</strong></span> <span class='ocrx_word' id='word_1_77' title='bbox 1097 1194 1209 1243; x_wconf 87' lang='lat' dir='ltr'><strong>rector</strong></span> 
     </span>
     <span class='ocr_line' id='line_1_12' title="bbox 207 1254 1212 1342; baseline -0.002 -24"><span class='ocrx_word' id='word_1_78' title='bbox 207 1254 320 1321; x_wconf 88' lang='lat' dir='ltr'><strong>beluae</strong></span> <span class='ocrx_word' id='word_1_79' title='bbox 343 1280 454 1341; x_wconf 78' lang='lat' dir='ltr'><strong>regem</strong></span> <span class='ocrx_word' id='word_1_80' title='bbox 475 1259 641 1338; x_wconf 82' lang='lat' dir='ltr'><strong>conspexit</strong></span> <span class='ocrx_word' id='word_1_81' title='bbox 660 1257 832 1317; x_wconf 87' lang='lat' dir='ltr'><strong>fluentibus</strong></span> <span class='ocrx_word' id='word_1_82' title='bbox 856 1258 1005 1318; x_wconf 85' lang='lat' dir='ltr'><strong>membris</strong></span> <span class='ocrx_word' id='word_1_83' title='bbox 1019 1261 1212 1342; x_wconf 79' lang='lat' dir='ltr'><strong>omissisque,</strong></span> 
     </span>
     <span class='ocr_line' id='line_1_13' title="bbox 168 1325 1244 1421; baseline -0.005 -21"><span class='ocrx_word' id='word_1_84' title='bbox 168 1340 300 1400; x_wconf 68' lang='lat' dir='ltr'><strong>sturmis</strong></span> <span class='ocrx_word' id='word_1_85' title='bbox 328 1340 382 1400; x_wconf 80' lang='lat' dir='ltr'><strong>vix</strong></span> <span class='ocrx_word' id='word_1_86' title='bbox 405 1349 587 1417; x_wconf 90' lang='lat' dir='ltr'><strong>compotem</strong></span> <span class='ocrx_word' id='word_1_87' title='bbox 617 1338 741 1402; x_wconf 77' lang='lat' dir='ltr'><strong>mentis,</strong></span> <span class='ocrx_word' id='word_1_88' title='bbox 787 1339 869 1396; x_wconf 85' lang='lat' dir='ltr'><strong>&#39;I&#39;urn</strong></span> <span class='ocrx_word' id='word_1_89' title='bbox 890 1337 1015 1398; x_wconf 87' lang='lat' dir='ltr'><strong>beluam</strong></span> <span class='ocrx_word' id='word_1_90' title='bbox 1043 1339 1074 1398; x_wconf 93' lang='lat' dir='ltr'><strong>in</strong></span> <span class='ocrx_word' id='word_1_91' title='bbox 1098 1325 1208 1421; x_wconf 72' lang='lat' dir='ltr'><strong>fugam</strong></span> <span class='ocrx_word' id='word_1_92' title='bbox 1240 1387 1244 1395; x_wconf 87' lang='lat'>.</span> 
     </span>
     <span class='ocr_line' id='line_1_14' title="bbox 207 1415 1211 1498; baseline 0.001 -21"><span class='ocrx_word' id='word_1_93' title='bbox 207 1420 360 1490; x_wconf 83' lang='lat' dir='ltr'><strong>concitat,</strong></span> <span class='ocrx_word' id='word_1_94' title='bbox 385 1427 540 1498; x_wconf 84' lang='lat' dir='ltr'><strong>sequente</strong></span> <span class='ocrx_word' id='word_1_95' title='bbox 569 1416 764 1476; x_wconf 82' lang='lat' dir='ltr'><strong>Alexandro:</strong></span> <span class='ocrx_word' id='word_1_96' title='bbox 802 1415 859 1474; x_wconf 87' lang='lat' dir='ltr'><strong>sed</strong></span> <span class='ocrx_word' id='word_1_97' title='bbox 887 1435 989 1498; x_wconf 89' lang='lat' dir='ltr'><strong>equus</strong></span> <span class='ocrx_word' id='word_1_98' title='bbox 1012 1418 1079 1478; x_wconf 89' lang='lat' dir='ltr'><strong>eius</strong></span> <span class='ocrx_word' id='word_1_99' title='bbox 1099 1420 1211 1478; x_wconf 84' lang='lat' dir='ltr'><strong>multis</strong></span> 
     </span>
     <span class='ocr_line' id='line_1_15' title="bbox 205 1495 1206 1578; baseline 0.003 -23"><span class='ocrx_word' id='word_1_100' title='bbox 205 1497 391 1556; x_wconf 79' lang='lat' dir='ltr'><strong>vulneribus</strong></span> <span class='ocrx_word' id='word_1_101' title='bbox 419 1495 586 1556; x_wconf 78' lang='lat' dir='ltr'><strong>confossus</strong></span> <span class='ocrx_word' id='word_1_102' title='bbox 621 1495 836 1575; x_wconf 89' lang='lat' dir='ltr'><strong>delicicnsque</strong></span> <span class='ocrx_word' id='word_1_103' title='bbox 873 1497 1068 1574; x_wconf 57' lang='lat' dir='ltr'><strong>procubuit5</strong></span> <span class='ocrx_word' id='word_1_104' title='bbox 1099 1499 1206 1578; x_wconf 88' lang='lat' dir='ltr'><strong>posito</strong></span> 
     </span>
     <span class='ocr_line' id='line_1_16' title="bbox 208 1573 1207 1658; baseline 0.002 -24"><span class='ocrx_word' id='word_1_105' title='bbox 208 1596 258 1634; x_wconf 88' lang='lat' dir='ltr'><strong>ma</strong></span> <span class='ocrx_word' id='word_1_106' title='bbox 282 1576 307 1634; x_wconf 88' lang='lat' dir='ltr'><strong>is</strong></span> <span class='ocrx_word' id='word_1_107' title='bbox 326 1595 417 1658; x_wconf 82' lang='lat' dir='ltr'><strong>rege,</strong></span> <span class='ocrx_word' id='word_1_108' title='bbox 442 1596 537 1658; x_wconf 89' lang='lat' dir='ltr'><strong>quam</strong></span> <span class='ocrx_word' id='word_1_109' title='bbox 558 1573 674 1635; x_wconf 80' lang='lat' dir='ltr'><strong>effuso.</strong></span> <span class='ocrx_word' id='word_1_110' title='bbox 723 1575 779 1634; x_wconf 71' lang='lat' dir='ltr'><strong>lta(</strong></span> <span class='ocrx_word' id='word_1_111' title='bbox 792 1594 833 1632; x_wconf 87' lang='lat' dir='ltr'><strong>ue</strong></span> <span class='ocrx_word' id='word_1_112' title='bbox 857 1574 932 1633; x_wconf 91' lang='lat' dir='ltr'><strong>dum</strong></span> <span class='ocrx_word' id='word_1_113' title='bbox 955 1595 972 1635; x_wconf 87' lang='lat' dir='ltr'><strong>c</strong></span> <span class='ocrx_word' id='word_1_114' title='bbox 1000 1598 1074 1638; x_wconf 88' lang='lat' dir='ltr'><strong>uum</strong></span> <span class='ocrx_word' id='word_1_115' title='bbox 1096 1588 1207 1649; x_wconf 74' lang='lat' dir='ltr'><strong>mutat,</strong></span> 
     </span>
     <span class='ocr_line' id='line_1_17' title="bbox 172 1596 1206 1748; baseline 0.004 -36"><span class='ocrx_word' id='word_1_116' title='bbox 172 1597 324 1714; x_wconf 53' lang='lat' dir='ltr'><strong>&amp;tardius</strong></span> <span class='ocrx_word' id='word_1_117' title='bbox 345 1655 505 1714; x_wconf 87' lang='lat' dir='ltr'><strong>insecutus</strong></span> <span class='ocrx_word' id='word_1_118' title='bbox 523 1665 582 1714; x_wconf 89' lang='lat' dir='ltr'><strong>est.</strong></span> <span class='ocrx_word' id='word_1_119' title='bbox 620 1653 748 1725; x_wconf 82' lang='lat' dir='ltr'><strong>Interim</strong></span> <span class='ocrx_word' id='word_1_120' title='bbox 777 1597 880 1714; x_wconf 85' lang='lat' dir='ltr'><strong>l&#39;ratcr</strong></span> <span class='ocrx_word' id='word_1_121' title='bbox 901 1596 1035 1728; x_wconf 82' lang='lat' dir='ltr'><strong>&#39;l&#39;axilis‚</strong></span> <span class='ocrx_word' id='word_1_122' title='bbox 1056 1657 1140 1748; x_wconf 72' lang='lat' dir='ltr'><strong>regis</strong></span> <span class='ocrx_word' id='word_1_123' title='bbox 1159 1658 1206 1716; x_wconf 92' lang='lat' dir='ltr'><strong>ln·</strong></span> 
     </span>
     <span class='ocr_line' id='line_1_18' title="bbox 209 1732 1206 1816; baseline 0.004 -26"><span class='ocrx_word' id='word_1_124' title='bbox 209 1732 335 1808; x_wconf 83' lang='lat' dir='ltr'><strong>dorum,</strong></span> <span class='ocrx_word' id='word_1_125' title='bbox 357 1735 548 1815; x_wconf 84' lang='lat' dir='ltr'><strong>praemissus</strong></span> <span class='ocrx_word' id='word_1_126' title='bbox 570 1733 608 1792; x_wconf 86' lang='lat' dir='ltr'><strong>ab</strong></span> <span class='ocrx_word' id='word_1_127' title='bbox 633 1732 829 1807; x_wconf 78' lang='lat' dir='ltr'><strong>Alexandro,</strong></span> <span class='ocrx_word' id='word_1_128' title='bbox 858 1753 990 1793; x_wconf 89' lang='lat' dir='ltr'><strong>monere</strong></span> <span class='ocrx_word' id='word_1_129' title='bbox 1013 1747 1120 1816; x_wconf 79' lang='lat' dir='ltr'><strong>coepit</strong></span> <span class='ocrx_word' id='word_1_130' title='bbox 1143 1738 1206 1794; x_wconf 93' lang='lat' dir='ltr'><strong>Po-</strong></span> 
     </span>
     <span class='ocr_line' id='line_1_19' title="bbox 198 1812 1205 1897; baseline 0.004 -26"><span class='ocrx_word' id='word_1_131' title='bbox 198 1817 295 1890; x_wconf 70' lang='lat' dir='ltr'><strong>rum,</strong></span> <span class='ocrx_word' id='word_1_132' title='bbox 317 1833 357 1873; x_wconf 93' lang='lat' dir='ltr'><strong>ne</strong></span> <span class='ocrx_word' id='word_1_133' title='bbox 384 1814 493 1878; x_wconf 89' lang='lat' dir='ltr'><strong>ultima</strong></span> <span class='ocrx_word' id='word_1_134' title='bbox 515 1813 655 1893; x_wconf 85' lang='lat' dir='ltr'><strong>experiri</strong></span> <span class='ocrx_word' id='word_1_135' title='bbox 676 1823 915 1893; x_wconf 81' lang='lat' dir='ltr'><strong>perseveraret,</strong></span> <span class='ocrx_word' id='word_1_136' title='bbox 943 1812 1143 1897; x_wconf 85' lang='lat' dir='ltr'><strong>dederetque</strong></span> <span class='ocrx_word' id='word_1_137' title='bbox 1159 1829 1205 1874; x_wconf 88' lang='lat' dir='ltr'><strong>&#39;se</strong></span> 
     </span>
     <span class='ocr_line' id='line_1_20' title="bbox 170 1889 1206 1986; baseline 0.007 -40"><span class='ocrx_word' id='word_1_138' title='bbox 170 1891 331 1954; x_wconf 69' lang='lat' dir='ltr'><strong>teric&#39;tori.</strong></span> <span class='ocrx_word' id='word_1_139' title='bbox 366 1895 408 1954; x_wconf 88' lang='lat' dir='ltr'><strong>At</strong></span> <span class='ocrx_word' id='word_1_140' title='bbox 429 1893 493 1964; x_wconf 80' lang='lat' dir='ltr'><strong>ille,</strong></span> <span class='ocrx_word' id='word_1_141' title='bbox 515 1914 704 1986; x_wconf 84' lang='lat' dir='ltr'><strong>quamquam</strong></span> <span class='ocrx_word' id='word_1_142' title='bbox 728 1889 897 1952; x_wconf 82' lang='lat' dir='ltr'><strong>exhaustae</strong></span> <span class='ocrx_word' id='word_1_143' title='bbox 920 1904 1008 1950; x_wconf 88' lang='lat' dir='ltr'><strong>erant</strong></span> <span class='ocrx_word' id='word_1_144' title='bbox 1028 1893 1129 1966; x_wconf 77' lang='lat' dir='ltr'><strong>vires,</strong></span> <span class='ocrx_word' id='word_1_145' title='bbox 1151 1893 1206 1953; x_wconf 87' lang='lat' dir='ltr'><strong>de-</strong></span> 
     </span>
     <span class='ocr_line' id='line_1_21' title="bbox 206 1969 1207 2056; baseline 0.002 -26"><span class='ocrx_word' id='word_1_146' title='bbox 206 1969 398 2056; x_wconf 88' lang='lat' dir='ltr'><strong>ficiebatque</strong></span> <span class='ocrx_word' id='word_1_147' title='bbox 427 1994 567 2053; x_wconf 71' lang='lat' dir='ltr'><strong>sanguis,</strong></span> <span class='ocrx_word' id='word_1_148' title='bbox 586 1985 691 2032; x_wconf 85' lang='lat' dir='ltr'><strong>tamen</strong></span> <span class='ocrx_word' id='word_1_149' title='bbox 713 1973 751 2031; x_wconf 86' lang='lat' dir='ltr'><strong>ad</strong></span> <span class='ocrx_word' id='word_1_150' title='bbox 774 1983 878 2030; x_wconf 89' lang='lat' dir='ltr'><strong>notam</strong></span> <span class='ocrx_word' id='word_1_151' title='bbox 900 1990 1014 2032; x_wconf 83' lang='lat' dir='ltr'><strong>rocem</strong></span> <span class='ocrx_word' id='word_1_152' title='bbox 1036 1974 1207 2047; x_wconf 81' lang='lat' dir='ltr'><strong>excitatus,</strong></span> 
     </span>
     <span class='ocr_line' id='line_1_22' title="bbox 182 2050 1209 2134; baseline 0.001 -23"><span class='ocrx_word' id='word_1_153' title='bbox 182 2073 185 2077; x_wconf 84' lang='lat'>·</span> <span class='ocrx_word' id='word_1_154' title='bbox 206 2057 368 2133; x_wconf 78' lang='lat' dir='ltr'><strong>Agnosce,</strong></span> <span class='ocrx_word' id='word_1_155' title='bbox 390 2053 503 2134; x_wconf 82' lang='lat' dir='ltr'><strong>inquit,</strong></span> <span class='ocrx_word' id='word_1_156' title='bbox 532 2051 649 2110; x_wconf 80' lang='lat' dir='ltr'><strong>&#39;l&#39;axilis</strong></span> <span class='ocrx_word' id='word_1_157' title='bbox 671 2051 815 2117; x_wconf 70' lang='lat' dir='ltr'><strong>lintrem,</strong></span> <span class='ocrx_word' id='word_1_158' title='bbox 836 2050 961 2130; x_wconf 85' lang='lat' dir='ltr'><strong>imperii</strong></span> <span class='ocrx_word' id='word_1_159' title='bbox 981 2052 1136 2134; x_wconf 78' lang='lat' dir='ltr'><strong>regnique</strong></span> <span class='ocrx_word' id='word_1_160' title='bbox 1157 2053 1209 2124; x_wconf 54' lang='lat' dir='ltr'><strong>sui,</strong></span> 
     </span>
     <span class='ocr_line' id='line_1_23' title="bbox 205 2126 1204 2211; baseline 0.003 -22"><span class='ocrx_word' id='word_1_161' title='bbox 205 2131 395 2210; x_wconf 89' lang='lat' dir='ltr'><strong>proditoris:</strong></span> <span class='ocrx_word' id='word_1_162' title='bbox 425 2142 458 2190; x_wconf 87' lang='lat' dir='ltr'><strong>et</strong></span> <span class='ocrx_word' id='word_1_163' title='bbox 478 2131 598 2205; x_wconf 79' lang='lat' dir='ltr'><strong>telum,</strong></span> <span class='ocrx_word' id='word_1_164' title='bbox 626 2126 714 2211; x_wconf 88' lang='lat' dir='ltr'><strong>quod</strong></span> <span class='ocrx_word' id='word_1_165' title='bbox 743 2150 840 2206; x_wconf 84' lang='lat' dir='ltr'><strong>unum</strong></span> <span class='ocrx_word' id='word_1_166' title='bbox 869 2131 957 2188; x_wconf 75' lang='lat' dir='ltr'><strong>forte</strong></span> <span class='ocrx_word' id='word_1_167' title='bbox 983 2149 1050 2198; x_wconf 52' lang='lat' dir='ltr'><strong>,non</strong></span> <span class='ocrx_word' id='word_1_168' title='bbox 1071 2131 1204 2192; x_wconf 87' lang='lat' dir='ltr'><strong>ellluxe-</strong></span> 
     </span>
     <span class='ocr_line' id='line_1_24' title="bbox 207 2207 1204 2290; baseline 0.003 -23"><span class='ocrx_word' id='word_1_169' title='bbox 207 2221 268 2282; x_wconf 82' lang='lat' dir='ltr'><strong>rat,</strong></span> <span class='ocrx_word' id='word_1_170' title='bbox 291 2211 443 2270; x_wconf 86' lang='lat' dir='ltr'><strong>contorsit</strong></span> <span class='ocrx_word' id='word_1_171' title='bbox 465 2209 495 2266; x_wconf 89' lang='lat' dir='ltr'><strong>iu</strong></span> <span class='ocrx_word' id='word_1_172' title='bbox 518 2229 609 2268; x_wconf 87' lang='lat' dir='ltr'><strong>eum:</strong></span> <span class='ocrx_word' id='word_1_173' title='bbox 635 2209 722 2290; x_wconf 89' lang='lat' dir='ltr'><strong>quod</strong></span> <span class='ocrx_word' id='word_1_174' title='bbox 744 2228 804 2288; x_wconf 88' lang='lat' dir='ltr'><strong>per</strong></span> <span class='ocrx_word' id='word_1_175' title='bbox 821 2207 959 2267; x_wconf 89' lang='lat' dir='ltr'><strong>medium</strong></span> <span class='ocrx_word' id='word_1_176' title='bbox 980 2220 1092 2288; x_wconf 89' lang='lat' dir='ltr'><strong>pectus</strong></span> <span class='ocrx_word' id='word_1_177' title='bbox 1108 2231 1204 2290; x_wconf 87' lang='lat' dir='ltr'><strong>penc-</strong></span> 
     </span>
     <span class='ocr_line' id='line_1_25' title="bbox 119 2287 1205 2368; baseline 0.006 -26"><span class='ocrx_word' id='word_1_178' title='bbox 119 2301 124 2312; x_wconf 60' lang='lat'>‘</span> <span class='ocrx_word' id='word_1_179' title='bbox 171 2288 305 2347; x_wconf 77' lang='lat' dir='ltr'><strong>attravit</strong></span> <span class='ocrx_word' id='word_1_180' title='bbox 333 2287 371 2346; x_wconf 89' lang='lat' dir='ltr'><strong>ad</strong></span> <span class='ocrx_word' id='word_1_181' title='bbox 402 2299 538 2368; x_wconf 78' lang='lat' dir='ltr'><strong>tergum.</strong></span> <span class='ocrx_word' id='word_1_182' title='bbox 587 2290 658 2346; x_wconf 88' lang='lat' dir='ltr'><strong>Hoc</strong></span> <span class='ocrx_word' id='word_1_183' title='bbox 684 2287 795 2345; x_wconf 87' lang='lat' dir='ltr'><strong>ultimo</strong></span> <span class='ocrx_word' id='word_1_184' title='bbox 825 2287 949 2346; x_wconf 84' lang='lat' dir='ltr'><strong>virtutis</strong></span> <span class='ocrx_word' id='word_1_185' title='bbox 977 2308 1078 2367; x_wconf 85' lang='lat' dir='ltr'><strong>opere</strong></span> <span class='ocrx_word' id='word_1_186' title='bbox 1108 2291 1205 2363; x_wconf 86' lang='lat' dir='ltr'><strong>edito,</strong></span> 
     </span>
     <span class='ocr_line' id='line_1_26' title="bbox 208 2363 1205 2458; baseline 0.004 -34"><span class='ocrx_word' id='word_1_187' title='bbox 208 2363 323 2447; x_wconf 82' lang='lat' dir='ltr'><strong>fugere</strong></span> <span class='ocrx_word' id='word_1_188' title='bbox 345 2367 447 2424; x_wconf 86' lang='lat' dir='ltr'><strong>acrius</strong></span> <span class='ocrx_word' id='word_1_189' title='bbox 469 2366 589 2445; x_wconf 89' lang='lat' dir='ltr'><strong>coepit:</strong></span> <span class='ocrx_word' id='word_1_190' title='bbox 611 2365 667 2424; x_wconf 92' lang='lat' dir='ltr'><strong>sed</strong></span> <span class='ocrx_word' id='word_1_191' title='bbox 687 2365 871 2445; x_wconf 84' lang='lat' dir='ltr'><strong>elephantus</strong></span> <span class='ocrx_word' id='word_1_192' title='bbox 886 2383 1027 2458; x_wconf 76' lang='lat' dir='ltr'><strong>quoque,</strong></span> <span class='ocrx_word' id='word_1_193' title='bbox 1049 2369 1105 2450; x_wconf 92' lang='lat' dir='ltr'><strong>qui</strong></span> <span class='ocrx_word' id='word_1_194' title='bbox 1125 2371 1205 2428; x_wconf 87' lang='lat' dir='ltr'><strong>nud-</strong></span> 
     </span>
     <span class='ocr_line' id='line_1_27' title="bbox 208 2441 1208 2528; baseline 0.004 -26"><span class='ocrx_word' id='word_1_195' title='bbox 208 2456 239 2502; x_wconf 82' lang='lat' dir='ltr'><strong>ta</strong></span> <span class='ocrx_word' id='word_1_196' title='bbox 262 2457 434 2524; x_wconf 82' lang='lat' dir='ltr'><strong>exceperat</strong></span> <span class='ocrx_word' id='word_1_197' title='bbox 454 2444 528 2515; x_wconf 75' lang='lat' dir='ltr'><strong>tela,</strong></span> <span class='ocrx_word' id='word_1_198' title='bbox 550 2442 728 2506; x_wconf 79' lang='lat' dir='ltr'><strong>deficiebat.</strong></span> <span class='ocrx_word' id='word_1_199' title='bbox 774 2447 885 2526; x_wconf 85' lang='lat' dir='ltr'><strong>ltaque</strong></span> <span class='ocrx_word' id='word_1_200' title='bbox 907 2445 988 2506; x_wconf 76' lang='lat' dir='ltr'><strong>sistit</strong></span> <span class='ocrx_word' id='word_1_201' title='bbox 1009 2441 1132 2527; x_wconf 64' lang='lat' dir='ltr'><strong>l&#39;ugam&#39;</strong></span> <span class='ocrx_word' id='word_1_202' title='bbox 1149 2469 1208 2528; x_wconf 84' lang='lat' dir='ltr'><strong>pe-.</strong></span> 
     </span>
     <span class='ocr_line' id='line_1_28' title="bbox 171 2522 1205 2606; baseline 0.003 -24"><span class='ocrx_word' id='word_1_203' title='bbox 171 2523 371 2605; x_wconf 64' lang='lat' dir='ltr'><strong>Bssditemque</strong></span> <span class='ocrx_word' id='word_1_204' title='bbox 393 2522 540 2606; x_wconf 81' lang='lat' dir='ltr'><strong>sequenti</strong></span> <span class='ocrx_word' id='word_1_205' title='bbox 565 2522 650 2583; x_wconf 91' lang='lat' dir='ltr'><strong>hosti</strong></span> <span class='ocrx_word' id='word_1_206' title='bbox 672 2523 802 2584; x_wconf 87' lang='lat' dir='ltr'><strong>obiecit.</strong></span> <span class='ocrx_word' id='word_1_207' title='bbox 844 2526 906 2584; x_wconf 88' lang='lat' dir='ltr'><strong>Iam</strong></span> <span class='ocrx_word' id='word_1_208' title='bbox 928 2524 1109 2586; x_wconf 82' lang='lat' dir='ltr'><strong>Alexander</strong></span> <span class='ocrx_word' id='word_1_209' title='bbox 1131 2547 1205 2588; x_wconf 88' lang='lat' dir='ltr'><strong>con·</strong></span> 
     </span>
     <span class='ocr_line' id='line_1_29' title="bbox 208 2603 1205 2683; baseline 0.005 -22"><span class='ocrx_word' id='word_1_210' title='bbox 208 2614 338 2663; x_wconf 91' lang='lat' dir='ltr'><strong>secutus</strong></span> <span class='ocrx_word' id='word_1_211' title='bbox 373 2614 458 2679; x_wconf 89' lang='lat' dir='ltr'><strong>erat,</strong></span> <span class='ocrx_word' id='word_1_212' title='bbox 493 2614 541 2669; x_wconf 83' lang='lat' dir='ltr'><strong>et,</strong></span> <span class='ocrx_word' id='word_1_213' title='bbox 575 2603 748 2683; x_wconf 85' lang='lat' dir='ltr'><strong>pertinacia</strong></span> <span class='ocrx_word' id='word_1_214' title='bbox 782 2603 861 2663; x_wconf 89' lang='lat' dir='ltr'><strong>Pori</strong></span> <span class='ocrx_word' id='word_1_215' title='bbox 891 2603 1034 2682; x_wconf 81' lang='lat' dir='ltr'><strong>cognita,</strong></span> <span class='ocrx_word' id='word_1_216' title='bbox 1076 2606 1205 2666; x_wconf 86' lang='lat' dir='ltr'><strong>vetabat</strong></span> 
     </span>
     <span class='ocr_line' id='line_1_30' title="bbox 208 2681 1204 2764; baseline 0.004 -23"><span class='ocrx_word' id='word_1_217' title='bbox 208 2683 430 2742; x_wconf 83' lang='lat' dir='ltr'><strong>resistentibus</strong></span> <span class='ocrx_word' id='word_1_218' title='bbox 447 2682 554 2763; x_wconf 85' lang='lat' dir='ltr'><strong>parci.</strong></span> <span class='ocrx_word' id='word_1_219' title='bbox 595 2685 684 2764; x_wconf 82' lang='lat' dir='ltr'><strong>Ergo</strong></span> <span class='ocrx_word' id='word_1_220' title='bbox 706 2681 845 2763; x_wconf 88' lang='lat' dir='ltr'><strong>undique</strong></span> <span class='ocrx_word' id='word_1_221' title='bbox 867 2682 949 2742; x_wconf 88' lang='lat' dir='ltr'><strong>etin</strong></span> <span class='ocrx_word' id='word_1_222' title='bbox 970 2682 1094 2762; x_wconf 89' lang='lat' dir='ltr'><strong>pedites</strong></span> <span class='ocrx_word' id='word_1_223' title='bbox 1119 2685 1204 2744; x_wconf 92' lang='lat' dir='ltr'><strong>etin</strong></span> 
     </span>
     <span class='ocr_line' id='line_1_31' title="bbox 206 2761 1203 2844; baseline 0.005 -26"><span class='ocrx_word' id='word_1_224' title='bbox 206 2761 309 2841; x_wconf 84' lang='lat' dir='ltr'><strong>ipsum</strong></span> <span class='ocrx_word' id='word_1_225' title='bbox 334 2765 454 2835; x_wconf 79' lang='lat' dir='ltr'><strong>Porum</strong></span> <span class='ocrx_word' id='word_1_226' title='bbox 483 2761 547 2821; x_wconf 88' lang='lat' dir='ltr'><strong>tela</strong></span> <span class='ocrx_word' id='word_1_227' title='bbox 574 2773 724 2841; x_wconf 80' lang='lat' dir='ltr'><strong>congesta</strong></span> <span class='ocrx_word' id='word_1_228' title='bbox 753 2769 841 2820; x_wconf 84' lang='lat' dir='ltr'><strong>sunt:</strong></span> <span class='ocrx_word' id='word_1_229' title='bbox 876 2761 946 2842; x_wconf 87' lang='lat' dir='ltr'><strong>quis</strong></span> <span class='ocrx_word' id='word_1_230' title='bbox 974 2761 1101 2822; x_wconf 87' lang='lat' dir='ltr'><strong>taudem</strong></span> <span class='ocrx_word' id='word_1_231' title='bbox 1130 2785 1203 2844; x_wconf 82' lang='lat' dir='ltr'><strong>gra-</strong></span> 
     </span>
     <span class='ocr_line' id='line_1_32' title="bbox 171 2837 1204 2922; baseline 0 -20"><span class='ocrx_word' id='word_1_232' title='bbox 171 2847 295 2902; x_wconf 69' lang='lat' dir='ltr'><strong>39t⁷aius</strong></span> <span class='ocrx_word' id='word_1_233' title='bbox 317 2842 380 2900; x_wconf 87' lang='lat' dir='ltr'><strong>labi</strong></span> <span class='ocrx_word' id='word_1_234' title='bbox 402 2862 440 2901; x_wconf 90' lang='lat' dir='ltr'><strong>ex</strong></span> <span class='ocrx_word' id='word_1_235' title='bbox 461 2841 556 2900; x_wconf 90' lang='lat' dir='ltr'><strong>belua</strong></span> <span class='ocrx_word' id='word_1_236' title='bbox 578 2841 694 2921; x_wconf 85' lang='lat' dir='ltr'><strong>coepit.</strong></span> <span class='ocrx_word' id='word_1_237' title='bbox 717 2837 821 2903; x_wconf 79' lang='lat' dir='ltr'><strong>Inuus,</strong></span> <span class='ocrx_word' id='word_1_238' title='bbox 845 2843 899 2922; x_wconf 91' lang='lat' dir='ltr'><strong>qui</strong></span> <span class='ocrx_word' id='word_1_239' title='bbox 929 2839 1131 2920; x_wconf 86' lang='lat' dir='ltr'><strong>elephantum</strong></span> <span class='ocrx_word' id='word_1_240' title='bbox 1153 2863 1204 2902; x_wconf 87' lang='lat' dir='ltr'><strong>re·</strong></span> 
     </span>
     <span class='ocr_line' id='line_1_33' title="bbox 176 2919 1204 3004; baseline 0.003 -26"><span class='ocrx_word' id='word_1_241' title='bbox 176 2943 179 2956; x_wconf 69' lang='lat'><strong><em>¹</em></strong></span> <span class='ocrx_word' id='word_1_242' title='bbox 207 2920 315 3004; x_wconf 77' lang='lat' dir='ltr'><strong>gebat,</strong></span> <span class='ocrx_word' id='word_1_243' title='bbox 339 2919 536 2980; x_wconf 87' lang='lat' dir='ltr'><strong>descendere</strong></span> <span class='ocrx_word' id='word_1_244' title='bbox 559 2937 632 2978; x_wconf 89' lang='lat' dir='ltr'><strong>eum</strong></span> <span class='ocrx_word' id='word_1_245' title='bbox 653 2925 752 2992; x_wconf 82' lang='lat' dir='ltr'><strong>ratus,</strong></span> <span class='ocrx_word' id='word_1_246' title='bbox 773 2939 863 2978; x_wconf 89' lang='lat' dir='ltr'><strong>more</strong></span> <span class='ocrx_word' id='word_1_247' title='bbox 884 2919 979 2980; x_wconf 83' lang='lat' dir='ltr'><strong>solito</strong></span> <span class='ocrx_word' id='word_1_248' title='bbox 1001 2919 1204 3001; x_wconf 84' lang='lat' dir='ltr'><strong>elephantum</strong></span> 
     </span>
     <span class='ocr_line' id='line_1_34' title="bbox 206 2993 1204 3092; baseline -0.006 -26"><span class='ocrx_word' id='word_1_249' title='bbox 206 2995 420 3092; x_wconf 66' lang='lat' dir='ltr'><strong>pnocmnbere</strong></span> <span class='ocrx_word' id='word_1_250' title='bbox 436 2995 570 3082; x_wconf 83' lang='lat' dir='ltr'><strong>iussitin</strong></span> <span class='ocrx_word' id='word_1_251' title='bbox 591 3016 710 3078; x_wconf 83' lang='lat' dir='ltr'><strong>genua:</strong></span> <span class='ocrx_word' id='word_1_252' title='bbox 731 2993 785 3080; x_wconf 91' lang='lat' dir='ltr'><strong>qui</strong></span> <span class='ocrx_word' id='word_1_253' title='bbox 809 3007 845 3060; x_wconf 87' lang='lat' dir='ltr'><strong>ut</strong></span> <span class='ocrx_word' id='word_1_254' title='bbox 871 3019 905 3060; x_wconf 88' lang='lat' dir='ltr'><strong>se</strong></span> <span class='ocrx_word' id='word_1_255' title='bbox 928 2997 1081 3077; x_wconf 86' lang='lat' dir='ltr'><strong>submisit,</strong></span> <span class='ocrx_word' id='word_1_256' title='bbox 1103 3001 1204 3060; x_wconf 89' lang='lat' dir='ltr'><strong>ceteri</strong></span> 
     </span>
    </p>
   </div>
   <div class='ocr_carea' id='block_1_3' title="bbox 222 3160 395 3178">
    <p class='ocr_par' dir='ltr' id='par_1_3' title="bbox 222 3160 395 3178">
     <span class='ocr_line' id='line_1_35' title="bbox 222 3160 395 3178; baseline -0.023 0"><span class='ocrx_word' id='word_1_257' title='bbox 222 3160 395 3178; x_wconf 61' lang='grc' dir='ltr'><strong>-Μ</strong></span> 
     </span>
    </p>
   </div>
   <div class='ocr_carea' id='block_1_4' title="bbox 257 3231 821 3326">
    <p class='ocr_par' dir='ltr' id='par_1_4' title="bbox 257 3231 821 3326">
     <span class='ocr_line' id='line_1_36' title="bbox 257 3231 821 3326; baseline -0.02 -17"><span class='ocrx_word' id='word_1_258' title='bbox 257 3260 301 3326; x_wconf 76' lang='grc'><strong>31)</strong></span> <span class='ocrx_word' id='word_1_259' title='bbox 321 3259 391 3308; x_wconf 82' lang='lat' dir='ltr'><strong>idern</strong></span> <span class='ocrx_word' id='word_1_260' title='bbox 409 3251 449 3303; x_wconf 73' lang='lat' dir='ltr'><strong>n&#39;l</strong></span> <span class='ocrx_word' id='word_1_261' title='bbox 464 3245 534 3301; x_wconf 77' lang='lat' dir='ltr'><strong>r&#39;etrcs</strong></span> <span class='ocrx_word' id='word_1_262' title='bbox 552 3252 609 3314; x_wconf 83' lang='lat' dir='ltr'><strong>ipse</strong></span> <span class='ocrx_word' id='word_1_263' title='bbox 626 3259 691 3303; x_wconf 88' lang='lat' dir='ltr'><strong>mut.</strong></span> <span class='ocrx_word' id='word_1_264' title='bbox 711 3247 771 3300; x_wconf 87' lang='lat' dir='ltr'><strong>ord.</strong></span> <span class='ocrx_word' id='word_1_265' title='bbox 810 3231 821 3260; x_wconf 56' lang='lat' dir='ltr'><em>s</em></span> 
     </span>
    </p>
   </div>
   <div class='ocr_carea' id='block_1_5' title="bbox 240 3317 759 3470">
    <p class='ocr_par' dir='ltr' id='par_1_5' title="bbox 240 3317 759 3470">
     <span class='ocr_line' id='line_1_37' title="bbox 258 3317 646 3393; baseline -0.031 -14"><span class='ocrx_word' id='word_1_266' title='bbox 258 3327 301 3393; x_wconf 76' lang='lat'><strong>33)</strong></span> <span class='ocrx_word' id='word_1_267' title='bbox 321 3325 438 3375; x_wconf 81' lang='lat' dir='ltr'><strong>Theocr.</strong></span> <span class='ocrx_word' id='word_1_268' title='bbox 449 3317 646 3385; x_wconf 78' lang='lat' dir='ltr'><strong>flectentibus.</strong></span> 
     </span>
     <span class='ocr_line' id='line_1_38' title="bbox 240 3383 759 3470; baseline -0.031 -23"><span class='ocrx_word' id='word_1_269' title='bbox 240 3397 285 3465; x_wconf 80' lang='lat'><strong>36)</strong></span> <span class='ocrx_word' id='word_1_270' title='bbox 305 3409 353 3462; x_wconf 87' lang='lat' dir='ltr'><strong>pro</strong></span> <span class='ocrx_word' id='word_1_271' title='bbox 373 3390 596 3470; x_wconf 66' lang='lat' dir='ltr'><strong>rjllrarcrutlller.</strong></span> <span class='ocrx_word' id='word_1_272' title='bbox 616 3383 759 3452; x_wconf 62' lang='lat' dir='ltr'><strong>qfflrderat.</strong></span> 
     </span>
    </p>
   </div>
   <div class='ocr_carea' id='block_1_6' title="bbox 0 0 1348 3872">
    <p class='ocr_par' dir='ltr' id='par_1_6' title="bbox 0 0 1348 3872">
     <span class='ocr_line' id='line_1_39' title="bbox 0 0 1348 3872; baseline 0 2"><span class='ocrx_word' id='word_1_273' title='bbox 0 0 1348 3872; x_wconf 95' lang='lat' dir='ltr'><strong> </strong></span> 
     </span>
    </p>
   </div>
  </div>
 </body>
</html>
