2688 3872
244 419 292 474 ms
587 413 626 481 o.
646 407 767 464 curru
788 369 868 461 tauri
931 415 932 422 ¹

241 537 529 644 quipue,ita'lama
553 553 671 622 Persae
694 551 920 642 vulgaverant3
940 555 998 618 sed
1023 565 1153 638 praeter
1173 553 1231 616 eli·-

239 636 336 722 peum
361 637 427 714 eius
448 649 575 722 putrem
596 651 630 700 et
652 649 743 700 arcus
765 638 845 700 duos
870 637 1036 718 Scythicos
1067 647 1100 698 et
1125 634 1229 697 acina·

207 725 310 781 ³2eem
329 717 405 780 nihil
432 717 563 800 reperit.
613 721 763 780 Ceterum
799 737 917 780 corona
953 737 1048 778 aurea
1081 715 1229 798 imposita

241 799 391 873 amiculo,
412 799 463 860 cui
484 809 626 858 assuerat
644 798 731 879 ipse,
758 797 887 876 solium,
907 797 940 858 in
959 817 1024 882 quo
1046 816 1162 878 eorpus
1183 795 1229 856 ia²

240 879 351 955 rebat,
373 878 506 951 velavit,
525 877 675 954 miratus,
710 877 788 938 tanti
815 877 948 938 nominis
976 893 1105 960 regem,
1133 876 1228 937 tantis

239 960 419 1040 praeditum
452 955 584 1039 opibus,
627 956 712 1018 haud
745 957 918 1039 pretiosius
960 958 1118 1038 sepultum
1146 973 1228 1032 esse,

201 1047 332 1122 ³3quam
351 1039 378 1098 si
398 1039 509 1098 lirisset
522 1057 549 1112 ¹e
569 1035 676 1119 plebe.
717 1036 884 1099 Proximus
911 1049 979 1098 erat
1004 1037 1097 1098 lateri
1117 1037 1227 1118 spado,

238 1120 293 1202 qui
313 1140 423 1204 regem
444 1120 579 1194 intuens,
600 1117 686 1197 Quid
700 1117 824 1189 mirum,
846 1118 957 1201 inquit,
978 1128 1036 1194 est,
1056 1116 1157 1178 inania
1175 1137 1227 1180 se·

236 1201 348 1294 pulera
376 1219 446 1260 esse
477 1217 605 1279 regum,
634 1218 706 1258 curn
734 1210 930 1280 satraparum
964 1197 1077 1257 domus
1112 1219 1226 1258 aurum

200 1279 308 1340 sainte
331 1289 474 1361 egestum
496 1296 612 1358 capere
633 1300 696 1340 non
719 1276 866 1360 possint?
899 1275 997 1368 Quod
1025 1275 1064 1337 ad
1082 1297 1135 1338 me
1155 1277 1225 1338 atti·

235 1371 300 1436 net,
327 1361 394 1441 ipse
418 1357 480 1418 hoe
494 1355 621 1416 bustum
636 1369 708 1418 ante
728 1379 791 1420 non
806 1356 964 1418 videram:
986 1355 1044 1418 sed
1064 1377 1104 1417 ex
1123 1357 1223 1420 Dario

236 1440 278 1500 ita
300 1438 419 1520 accepi,
442 1437 502 1498 tria
521 1437 606 1496 milia
625 1437 778 1498 talentum
797 1437 920 1499 condita
945 1457 1108 1499 esserum
1130 1439 1223 1516 Cyro.

198 1519 317 1580 asfftinc
342 1519 395 1579 illa
423 1516 597 1598 benignitas
623 1516 655 1577 in
675 1530 725 1594 te,
758 1530 812 1588 ut,
840 1518 927 1602 quod
957 1517 1085 1598 impune
1103 1515 1223 1578 habere

141 1639 146 1655 .
235 1620 297 1659 non
323 1609 451 1694 poterat
478 1597 627 1670 Orsines}
655 1596 800 1660 donando
838 1597 931 1659 etiam
957 1598 1090 1680 gratiam
1118 1598 1221 1661 iniret.
1252 1609 1254 1614 ’

200 1683 458 1744 soCouertaverat
485 1678 547 1739 iarn
582 1676 716 1738 animum
736 1679 766 1739 in
797 1677 891 1739 iram:
925 1698 996 1740 eum
1028 1677 1078 1755 hi,
1107 1677 1221 1762 quibus

234 1761 394 1841 negotium
416 1758 501 1818 idem
522 1757 676 1828 dederat,
699 1759 935 1841 superveniunt.
975 1758 1058 1818 Hine
1084 1762 1219 1838 Bagoas,

232 1837 306 1900 ltine
326 1841 365 1900 ab
388 1860 427 1901 eo
449 1837 620 1911 subornati,
640 1836 726 1898 falsis
749 1839 929 1900 criminibus
945 1851 1101 1920 occupant
1116 1857 1218 1900 aures.

197 1920 410 2004 ³7Antequam
431 1918 572 1997 acousari
592 1935 626 1977 se
647 1919 1020 2000 suspicaretur'Orsines,
1041 1919 1072 1978 in
1098 1917 1221 1980 vincula

234 2011 283 2060 est
304 2000 446 2063 traditus.
487 2001 558 2058 Non
580 2010 746 2060 contentus
771 2019 806 2059 su
831 1999 927 2080 plieio
955 1999 1084 2060 insontis
1108 1996 1217 2079 spado,

232 2079 301 2157 ipse
324 2079 480 2142 morituro
502 2099 627 2137 manum
647 2079 763 2142 iniecit.
805 2021 909 2168 (auem
932 2078 1063 2140 Orsines
1084 2078 1217 2152 intuens,

232 2160 414 2234 Audieram,
434 2156 551 2240 inquit,
578 2157 610 2215 in
630 2159 703 2218 Asia
726 2159 799 2219 olim
820 2179 969 2242 regnasse
991 2159 1133 2234 feminas,
1156 2157 1217 2216 hoc

199 2259 309 2308 assero
330 2260 446 2298 novum
472 2247 536 2312 est,
558 2257 692 2318 regnare
717 2239 903 2299 castratum!
936 2241 997 2300 Hic
1024 2239 1085 2300 t'uit
1115 2238 1216 2298 exitus
1242 2270 1246 2277 ·

232 2317 417 2396 nobilissimi
432 2318 621 2391 Persarum,
645 2337 704 2378 neo
724 2318 853 2378 insontis
873 2317 988 2397 modo,
1009 2320 1066 2380 sed
1087 2318 1215 2380 eximiae

199 2417 363 2482 aequoque
384 2393 583 2476 benignitatis
604 2394 636 2454 in
659 2417 778 2480 regem.
804 2397 929 2460 Eodem
948 2411 1096 2493 tempore
1117 2398 1215 2457 Phra-

232 2483 337 2554 dates,
358 2495 491 2559 regnum
513 2472 681 2546 affectasse
704 2488 897 2558 suspectus,
925 2480 1094 2542 occiditur.
1135 2478 1217 2539 eoa

162 2593 163 2601 κ
231 2570 324 2640 perat
344 2577 414 2618 esse
433 2555 651 2638 praeceptae
670 2558 935 2639 repraesentanda
956 2559 1119 2641 supplicia,
1140 2557 1216 2618 item

143 2663 148 2675 ’
194 2639 271 2699 aoad
292 2638 452 2699 deteriora
473 2634 640 2700 credenda.
688 2638 818 2699 Scilicet
842 2659 894 2700 res
923 2640 1080 2702 secundae
1109 2638 1216 2700 valent

232 2729 425 2780 commutare
445 2726 598 2786 naturam,
621 2729 654 2778 et
673 2739 746 2812 raro
768 2719 935 2802 quisquam
960 2741 1035 2803 erga
1056 2719 1138 2779 bona
1160 2737 1215 2777 sua

231 2797 305 2858 satis
334 2809 443 2857 cautus
476 2808 534 2856 est·
575 2796 663 2858 Idem
691 2819 772 2858 emm
806 2801 901 2878 paulo
931 2811 1003 2862 ante
1037 2803 1214 2879 Lyncesten

230 2878 446 2938 Alexandrum
467 2875 606 2936 delatum
628 2877 783 2939 aduobus
804 2879 958 2943 indicibus
980 2879 1130 2942 damnare
1152 2897 1214 2938 non

205 3153 210 3170 ⁸
279 3161 611 3226 32)Frsh.nss1severat;
640 3164 675 3217 at.
704 3165 840 3220 Drakenb.
866 3164 899 3226 ad
925 3165 979 3223 Lir.
1000 3166 1052 3232 IV,
1071 3164 1114 3232 45,
1131 3164 1155 3232 4.
1172 3167 1211 3216 in·
1288 3174 1292 3182 “

229 3237 315 3298 lcrpp.
337 3231 369 3279 ad
389 3233 499 3286 Sueten.
519 3235 581 3283 Ner.
601 3248 623 3282 c.
641 3234 683 3290 26.
702 3260 734 3270 —-
753 3233 828 3286 Voss.
847 3251 873 3287 a.
893 3234 949 3291 Pal.
977 3252 998 3286 r.
1024 3252 1111 3304 regem
1134 3253 1211 3305 prue-

228 3299 348 3368 peditum
364 3299 464 3365 opibus.
482 3301 515 3349 al.
534 3317 550 3348 α
568 3298 651 3369 plebe.

282 3365 326 3432 36)
345 3365 421 3416 lust..
438 3383 497 3416 ercan
515 3367 546 3416 ii.
1176 3419 1183 3431 Ι

279 3435 310 3499 37
342 3435 370 3481 Fl
399 3433 474 3483 Leid.
493 3435 568 3488 Voss.
593 3453 613 3485 ι.
633 3453 657 3486 a.
676 3436 737 3488 Ant.
755 3445 855 3506 transp.
876 3437 996 3490 traditus
1014 3449 1061 3490 eat.
1146 3449 1148 3454 '

281 3503 315 3567 39
344 3499 418 3556 Frsh.
435 3499 504 3552 idem
522 3519 572 3572 pro
589 3505 661 3572 item,
680 3504 752 3573 apuod
772 3515 911 3574 comparet
928 3507 956 3557 in
973 3508 1013 3558 1⁴¹1.
