2686 3876
174 381 193 434 a
290 421 293 427 .
515 375 784 444 Q..cearnaur1
814 401 817 406 -
903 419 906 423 .

173 548 208 595 ta
229 540 406 610 praeeunte
425 528 608 606 iuravimus,¹
628 527 761 589 eosdem
790 547 851 589 nes
878 528 1022 592 inimices
1043 532 1179 606 emineas

174 629 238 697 que
257 605 420 669 habituras
442 629 524 686 esse,
545 627 627 692 quos
648 620 684 668 tu
703 607 864 669 haberes?
885 612 957 671 Hoc
978 625 1175 674 sacramente

176 688 301 775 pietatis
324 688 469 750 obstricti
492 709 714 750 aversaremur
735 688 875 766 scilieet,
902 711 997 773 quem
1019 704 1055 753 tu
1077 695 1178 754 emni-

136 776 229 834 aebus
252 767 481 848 praeferebas!
524 771 640 850 Igitur,
681 769 707 830 si
730 768 793 830 hec
822 769 942 830 crimen
965 783 1031 842 est,
1053 794 1178 854 paucos

174 855 358 912 innocentes
391 849 509 910 habes:
546 850 643 910 imme
676 847 810 909 hercule
838 850 1007 914 neminem.
1053 853 1174 915 Omnes

175 932 257 993 enim
278 927 425 989 Philotae
448 931 540 990 amici
562 949 631 989 esse
652 929 835 997 voluerunt,
852 931 909 990 sed
925 933 1072 1002 tetidem,
1095 945 1177 1017 quet

176 1010 323 1072 velebant
344 1029 424 1085 esse,
445 1031 508 1069 nen
532 1021 690 1092 poterant.
734 1011 790 1086 lta,
812 1011 838 1070 si
860 1032 877 1069 a
901 1013 1034 1078 consciis
1056 1021 1177 1075 amieos

173 1115 236 1153 nun
259 1089 383 1166 dividis,
404 1111 444 1150 ne
466 1091 504 1149 ab
531 1088 637 1150 amicis
659 1088 787 1170 quidem
809 1090 970 1172 separabis
999 1093 1090 1169 illes,
1119 1095 1178 1176 qui

141 1173 259 1237 aridem
280 1189 349 1230 esse
371 1171 553 1234 voluerunt.
596 1169 694 1254 Quod
717 1168 818 1262 igitur
845 1173 1056 1233 eonscientiae
1078 1173 1176 1234 alier-

173 1267 227 1313 tur
248 1249 421 1311 indicium?
450 1251 506 1328 ¹Ut
528 1249 663 1330 opiner,
692 1271 766 1331 quia
794 1250 899 1330 pridie
921 1252 1120 1314 familiariter
1142 1266 1176 1316 et

172 1335 239 1394 sine
260 1331 387 1392 arbitris
408 1331 535 1392 loeutus
553 1340 601 1389 est
616 1329 793 1390 nobiscum!
819 1331 862 1390 At
878 1351 938 1412 ego
955 1354 1096 1418 purgare
1111 1357 1174 1396 non

171 1433 318 1496 possem,
356 1411 382 1470 si
411 1409 514 1491 pridie
544 1409 713 1493 quiequam
741 1429 780 1470 ex
808 1422 920 1470 vetere
941 1413 1005 1473 rita
1028 1434 1063 1474 ae
1083 1435 1176 1476 more

171 1505 353 1554 mutassem.
375 1493 466 1550 Nunc
490 1510 578 1565 vere,
599 1489 635 1566 si,
655 1502 692 1550 ut
708 1489 851 1550 omnihus
874 1487 998 1565 diebus,
1018 1494 1074 1554 ille
1094 1515 1175 1576 qne·

172 1594 255 1657 qaae,
282 1571 337 1653 qui
363 1581 528 1652 suspectus
557 1581 623 1648 est,
657 1569 1037 1648 l'ecimus,'censuetude
1075 1574 1176 1636 diluet

80 1699 85 1701 -
173 1673 303 1714 crimen.

251 1731 316 1792 Sed
338 1750 439 1814 eques
459 1727 626 1810 Antiphani
639 1751 701 1791 nen
718 1730 879 1792 dedimus!
897 1748 929 1797 et
944 1733 1059 1814 pridie,
1081 1754 1175 1815 quam

132 1803 138 1820 ‘
173 1814 316 1874 Philotas
345 1811 490 1887 detectus
513 1822 579 1885 est,
601 1810 680 1870 haec
707 1811 785 1872 mihi
816 1831 888 1872 eum
915 1813 1092 1894 Antiphane
1121 1833 1174 1874 res

174 1893 257 1954 eret!
281 1892 335 1976 qui
357 1892 383 1951 si
404 1913 461 1952 nos
483 1903 647 1972 suspectos
669 1892 778 1954 facere
802 1891 886 1969 vult,
920 1895 1009 1976 qued
1037 1893 1092 1952 ille
1108 1893 1174 1954 ¹dic

174 1992 273 2058 eques
293 1993 356 2033 nen
378 1971 570 2041 dederimus,
592 1973 807 2052 semetipsum,
825 1973 912 2056 quod
935 1995 990 2034 ees
1013 1973 1174 2034 desidera-

140 2055 273 2129 asverit‚
295 2073 435 2135 purgare
463 2074 526 2112 nen
553 2053 683 2144 peterit:
727 2055 854 2132 Anceps
875 2053 959 2112 enim
980 2054 1101 2114 crimen
1115 2065 1175 2127 ⁴est
1238 2073 1241 2080 ¹

173 2136 257 2212 inter
278 2133 468 2194 retinentem
490 2144 522 2192 et
545 2144 741 2212 exigentem
777 2132 836 2191 nisi
867 2133 955 2214 qued
983 2132 1097 2192 melier
1127 2145 1175 2192 est

174 2235 269 2277 causa
297 2234 389 2274 suum
414 2233 477 2273 non
504 2211 678 2284 tradentis,
708 2233 801 2294 quam
834 2213 996 2293 poscentis
1027 2211 1173 2272 alienums

140 2295 338 2362 srCeterum,
360 2313 428 2358 rex,
456 2307 560 2375 eques·
578 2291 692 2350 decem
712 2291 819 2367 habui,
844 2312 862 2352 e
888 2293 958 2374 quis
982 2291 1175 2372 Antiphanes

174 2387 249 2436 ecte
270 2375 331 2434 iam
353 2372 559 2432 distribuerat
578 2369 639 2446 his,
664 2373 718 2455 qui
740 2373 913 2432 amiserant
928 2393 1003 2435 sues
1036 2372 1174 2448 Omnino

174 2453 255 2516 duos
276 2455 345 2535 ipse
365 2452 539 2513 habebam:
568 2471 649 2543 qnos
677 2472 748 2512 eum
768 2452 868 2513 vellet
894 2453 1055 2514 abducere
1077 2453 1174 2512 home

177 2533 437 2616 superbissimus,
466 2544 554 2607 certe
575 2531 805 2612 rniquissimus‚
831 2533 889 2592 nisi
909 2533 1009 2614 pedes
1037 2533 1174 2592 militare

140 2615 306 2689 revellam,
334 2614 475 2674 retinere
504 2610 654 2692 cogebar.
697 2613 765 2672 Nec
789 2611 902 2673 inlitias
925 2633 983 2689 ec,
1003 2612 1098 2673 liberi
1117 2611 1175 2672 ho·

174 2696 267 2755 ruinis
289 2697 391 2755 animo
417 2694 560 2753 locutum
582 2710 652 2751 esse
666 2712 717 2751 me
739 2712 811 2752 eum
833 2693 1036 2774 ignavissimo
1059 2704 1092 2753 et
1111 2690 1174 2752 hee

174 2797 271 2834 unum
290 2775 517 2856 militiaesuae
537 2783 722 2853 usurpante,
742 2783 778 2847 ut
799 2773 917 2846 alienos
940 2793 1040 2857 equos
1056 2795 1176 2856 pugna·

173 3003 315 3072 periodum
336 3019 383 3057 tiro
405 3006 553 3058 verteram
570 3011 594 3059 ei
613 3026 711 3065 emrres,
730 3041 763 3051 -
779 3010 1015 3078 pleraeque'Edd.
1038 3009 1170 3060 adversa·

176 3091 276 3125 rentur.
292 3105 328 3124 ,-
348 3073 416 3125 Edd.
436 3075 499 3141 qdd.
520 3085 581 3128 vett.
602 3095 679 3147 quem
700 3091 765 3130 tum.

224 3141 268 3209 30)
286 3142 362 3194 Frsh.
383 3153 413 3192 tn
430 3160 547 3212 paitcos,
573 3147 607 3196 al.
635 3147 722 3202 emili.
746 3155 889 3216 utrumque
918 3146 1010 3200 recab.
1036 3145 1083 3183 -“
1100 3143 1175 3194 Frsh-

177 3227 239 3260 nec
257 3211 291 3259 nb
308 3229 359 3264 «tm.
543 3217 550 3228 ‘

147 3276 151 3281 ’
225 3278 270 3343 sir)
289 3281 356 3330 Mer.
374 3278 464 3352 pridie
483 3281 550 3351 quin
568 3291 633 3331 mut.
654 3281 711 3332 ord.

225 3348 269 3416 3¹2)
294 3367 350 3398 rien
368 3347 490 3400 dedimus
510 3365 559 3416 pro
580 3348 734 3403 dederimus
750 3351 819 3402 Edd.
839 3357 902 3404 vell.
917 3375 950 3390 ·-
970 3349 1050 3414 vulgo
1069 3346 1175 3400 deside-

176 3428 296 3476 rnrerut,
318 3419 357 3467 Fl.
378 3415 553 3468 desiderarit.

226 3484 271 3551 ,34)
291 3484 468 3537 distribuerat
487 3488 528 3536 iis
544 3485 618 3536 Frsh.

1330 669 1336 740 l

1333 745 1336 769 l
