2688 3872
202 334 250 388 aaa
531 306 534 311 ’
570 327 836 397 conmanunt
893 307 896 315 ’

199 477 390 541 miliar-issima,
409 473 559 540 accideret,
585 484 612 527 et
637 477 695 544 ipse
719 490 766 526 rex
792 484 819 528 et
836 475 1010 541 Macedones,
1029 486 1200 548 quantopere

199 545 324 596 omnibus
344 561 422 595 caros
438 553 518 608 esset,
540 546 678 603 luculenta
697 541 830 596 dederunt
846 555 1013 610 argumenta,
1028 545 1117 598 donec
1134 549 1200 608 Alce

199 611 299 668 rander
322 611 466 676 divinitus,
486 620 515 662 ut
535 611 689 673 serebatur,
708 609 855 662 remedium
880 612 968 662 morbi
993 614 1104 680 reperit.
1142 613 1200 681 (34)

199 677 265 732 Inde
282 677 316 729 ad
334 688 442 744 gentem
460 680 587 728 Pataliam
607 687 634 728 et
646 679 760 728 insulam
770 679 860 728 medio
871 695 949 730 amne
960 680 1038 730 sitam
1054 680 1118 742 (udi
1125 699 1201 734 nuato

199 745 265 796 urbs
283 743 474 814 Hydrabadi)
493 746 612 796 delatum
632 761 737 811 agmen,
757 743 857 797 diutius
876 746 912 794 ihi
931 747 1059 797 substitit.
1078 749 1198 802 Ducibus

197 812 306 867 tandem
334 816 448 880 repertis
489 828 539 881 por
575 813 694 862 triduum
724 813 776 861 iarn
806 813 917 863 Oceano
951 815 1201 881 appropinquantes

197 889 291 932 stenae
314 883 458 948 navigant,
485 889 511 932 et
532 880 565 930 ad
585 881 666 930 aliam
685 881 798 930 insulam
815 896 903 958 prope
930 898 959 931 os
977 883 1092 931 lluminis
1110 885 1200 950 appli-

197 955 269 1002 cant.
309 947 365 1016 (35)
389 948 514 1000 Incidunt
540 948 576 998 ibi
595 950 623 1000 in
652 964 743 998 casum
770 948 936 1012 incognitum
963 958 989 998 et
1013 949 1199 1016 improvisum,

197 1023 300 1066 aestum
316 1017 407 1080 maris,
424 1018 507 1081 longe
530 1017 606 1064 illum
634 1014 743 1084 quidem
768 1011 997 1066 vehementiorem
1023 1017 1049 1078 in
1076 1017 1200 1086 Oceano,

197 1099 276 1150 quam
292 1085 321 1134 in
348 1085 416 1134 mari
442 1083 533 1133 medio
556 1083 610 1134 sive
634 1081 850 1146 mediterrane03
884 1082 943 1149 (36)
968 1082 1090 1148 graviore
1117 1085 1200 1136 etiam

197 1153 296 1201 damno
315 1152 417 1216 navigia
435 1150 606 1212 alliciuntur,
630 1167 690 1200 cum
715 1164 788 1201 mare
807 1150 976 1217 reciprocari
999 1151 1100 1216 coepit.
1119 1147 1121 1157 '
1139 1153 1197 1222 (37)

196 1218 251 1270 Sed
269 1225 296 1268 et
314 1219 384 1284 regis
401 1233 466 1272 cura
486 1224 513 1266 et
533 1217 629 1268 iterato
644 1225 718 1269 aestu
740 1216 835 1266 omnia
851 1219 1048 1277 restituantur,
1076 1227 1104 1268 et
1131 1220 1198 1271 Ale·

196 1285 305 1349 xander,
325 1286 431 1351 cognita
449 1284 529 1336 maris
550 1292 652 1347 natura,
672 1285 698 1332 in
716 1285 805 1351 ipsum
824 1283 966 1335 Oceanum
987 1283 1119 1348 evehitur,
1135 1294 1197 1336 tan-

197 1355 259 1408 dem
277 1353 332 1404 voti
351 1367 472 1420 compos.
503 1349 560 1418 (38)
584 1352 713 1400 Reversus
732 1348 767 1404 ad
786 1351 900 1404 insulam
921 1350 1036 1419 (raah)
1055 1353 1150 1404 urbem
1169 1365 1197 1406 et

195 1423 300 1476 aravatio
319 1419 428 1483 condit,
452 1420 621 1468 Leonnatum
643 1436 705 1469 cum
729 1426 806 1485 parte
837 1420 987 1486 copiarum'
998 1421 1144 1484 praemittit
1162 1421 1197 1480 ad

196 1491 248 1540 iter
266 1495 392 1539 terrestre
411 1489 642 1554 praeparandum,
670 1483 823 1536 Nearchum
848 1493 874 1536 ot
894 1487 1076 1536 Onesicritum
1094 1487 1196 1539 idoneo

196 1565 319 1674 (εωροτρ
338 1556 421 1606 classe
438 1555 518 1605 litora
537 1551 698 1604 circumvehi
716 1559 743 1603 et
760 1567 810 1624 per
829 1568 859 1604 os
885 1552 1029 1625 Euphratis
1050 1553 1085 1604 ad
1102 1571 1130 1605 se
1149 1571 1193 1606 re·

217 1625 255 1673 ire
273 1623 299 1671 iu
322 1630 359 1674 et.

202 1739 204 1744 ,
266 1687 322 1756 (39)
341 1690 398 1756 lpse
418 1687 513 1749 (Iunio
522 1683 587 1754 sere
605 1705 694 1750 merare
711 1704 737 1738 a.
756 1703 783 1738 a.
803 1684 867 1736 Chr.
888 1697 947 1736 nat.
969 1691 1045 1804 32θῇ
1065 1705 1127 1739 cum
1147 1705 1194 1741 ce·

196 1757 261 1812 teris
280 1757 365 1822 copiis
387 1755 525 1822 proiectus
545 1772 593 1822 per
611 1759 750 1821 regionem
770 1753 941 1806 Arabitarum
964 1755 997 1804 ad
1047 1758 1130 1808 oritas
1150 1775 1195 1808 re·

196 1826 243 1878 nit.
279 1823 396 1876 Gentem
418 1820 501 1873 diviso
520 1825 639 1874 exercitu
659 1839 695 1892 po
718 1824 803 1871 ulatus
827 1821 922 1872 urbem
947 1822 1086 1886 condidit,
1115 1840 1195 1891 quam

195 1889 349 1948 Arachosiis
375 1887 548 1940 incolendam
571 1890 655 1942 dedit.
697 1841 755 1956 (40)
788 1886 854 1939 Inde
889 1889 1021 1940 exercitus
1056 1891 1196 1956 regionem

194 1958 324 2010 Indorum
350 1957 544 2006 maritimorum
576 1959 665 2028 (quos
695 1957 746 2009 alii
777 1953 1001 2024 ichthyophagos
1032 1957 1194 2026 appellunt)

194 2029 248 2078 sire
277 2026 411 2076 desertam
438 2023 584 2075 Cedrosiae
608 2034 729 2094 partem,
762 2025 824 2074 loca
858 2025 929 2072 omni
960 2026 1033 2074 cultu
1065 2027 1194 2088 carentia,

196 2092 371 2158 (eddredus)
399 2105 558 2157 peragrans,
592 2093 618 2140 in
646 2107 777 2142 sumniam
809 2092 929 2142 omnium
954 2107 1046 2142 rerum
1073 2094 1195 2159 inopiam

194 2160 308 2224 incidit,
343 2161 497 2228 tantamque
531 2157 635 2209 cladem
668 2167 793 2224 quantam
821 2174 951 2223 nusquam
989 2159 1053 2210 alihi
1081 2162 1192 2226 accipit.

195 2227 253 2294 (dr)
272 2225 393 2276 Tandem
410 2224 438 2270 in
463 2223 530 2272 ilnes
558 2225 704 2276 Cedrosiae
729 2225 850 2276 cultioris
875 2226 1045 2292 perveniant.
1081 2227 1121 2276 lbi
1148 2229 1195 2277 lit-

194 2305 265 2344 teras
283 2309 298 2341 a
317 2295 456 2342 Leonnato
476 2288 548 2356 apud
566 2291 671 2342 Horitas
691 2291 788 2342 relicto
820 2301 847 2342 et
872 2309 887 2342 a
916 2291 1030 2341 Cratero
1050 2310 1099 2360 per
1124 2295 1193 2345 Ara·

195 2359 313 2424 chosiam
333 2367 360 2408 et
378 2356 555 2422 Drangianam
574 2375 636 2408 cum
655 2368 731 2427 parte
751 2361 883 2410 exercitus
908 2359 1100 2426 proficiscente
1120 2363 1192 2412 aoei-

194 2429 243 2498 pit.
279 2427 339 2494 Ipse
356 2427 383 2474 ia
403 2422 571 2477 Carmaniam
590 2428 731 2493 processit,
751 2427 827 2477 cuius
845 2427 931 2492 gentis
950 2427 1088 2496 Satrapam
1108 2427 1193 2496 Aspa-

194 2505 271 2557 sten,
291 2494 356 2542 dum
376 2489 451 2540 audit
474 2489 627 2548 delatores.
655 2497 681 2544 in
709 2493 813 2545 honore
838 2494 940 2546 habuit.
978 2496 1036 2554 (llll
1056 2495 1192 2545 Restitutis

195 2561 378 2621 detrimentis,
404 2575 472 2625 quae
499 2561 629 2612 exercitus
656 2565 827 2630 improspero
846 2577 895 2629 per
920 2559 1076 2613 Cedrosiam
1096 2563 1191 2614 itinere

194 2631 304 2694 iecerat,
325 2627 492 2678 Carmaniam
511 2639 634 2696 peragrat
660 2631 799 2682 luxurioso
824 2630 943 2694 agmine,
976 2628 1071 2681 Bacchi
1098 2632 1192 2679 trium·

197 2699 279 2770 phana
304 2695 379 2747 victis
403 2693 494 2748 Indiae
518 2697 642 2762 gentibus
665 2699 781 2750 imitans.
816 2697 927 2748 Interim
948 2703 1039 2748 tamen
1063 2695 1191 2765 Aspastes

197 2765 331 2837 supplicIo
351 2761 474 2814 allicitur·
530 2829 532 2839 Ι

157 2929 169 2980 1
276 2897 473 2968 Alexander,
507 2908 571 2958 tam
605 2893 804 2958 memorabili
833 2894 969 2956 victoria
1005 2897 1118 2968 laetus,
1170 2951 1180 2987 Ι

194 3002 255 3064 qua
280 2977 340 3038 sibi
362 2976 503 3038 Orientis
519 2975 597 3036 lines
615 2987 743 3056 apertos
765 2995 835 3034 esse
861 2975 1028 3050 censebat,
1051 2975 1119 3036 Soli
1183 2977 1191 2994 ⁰

193 3057 330 3124 victimis
355 3055 465 3122 caesis,
486 3055 602 3114 milites
624 3074 767 3137 quoque,
789 3073 853 3134 quo
875 3055 1105 3134 promtioribus
1129 3053 1192 3114 sni-

193 3143 253 3202 mis
273 3143 399 3222 reliqua
422 3133 499 3192 belli
520 3133 664 3212 obirent,
695 3155 755 3215 pro
786 3132 939 3193 coracione
968 3134 1191 3194 laudatos-do·

184 3305 396 3320 ,ἁ--ι--ι--α

263 3415 289 3478 ι)
306 3407 382 3459 Frsh.
405 3409 468 3458 belli
483 3407 599 3460 munio
608 3443 617 3468 ,
638 3406 712 3474 quod
732 3407 811 3460 Voss.
834 3424 855 3456 ι.
875 3414 900 3461 2.
920 3407 1003 3471 Bong.
1025 3409 1112 3457 omitt.
