2688 3872
176 391 224 442 111
443 411 445 418 >
540 381 805 448 Q.CUR'r11aurt
829 407 832 411 -

140 534 233 596 raalio
266 529 361 591 modo
389 549 458 590 esse
484 528 562 589 viles
590 528 658 592 tibi.
706 529 907 614 Quocunque
934 530 1083 606 iusseris‚·
1104 530 1161 591 ibi·

174 635 250 674 murs.
291 611 438 672 Obscura
460 609 601 690 pericula
623 622 656 670 et
679 609 833 692 ignobiles
854 631 974 694 pugnas
994 609 1086 671 nobis
1108 611 1162 670 de-

173 693 347 775 poscimus:
370 691 570 771 temetipsum
591 691 695 750 adea
724 709 831 764 serva,
863 711 945 772 quae
975 691 1160 772 magnitudi-

173 795 244 832 nem
266 784 351 831 tuam
374 771 510 852 capiunt.
553 769 624 830 Cito
647 771 748 850 gloria
778 768 950 832 obsolescit
970 771 1002 829 in
1026 771 1161 830 sordidis

174 852 329 927 hostibus,
349 871 408 910 nec
430 851 598 934 quicquam
622 849 777 932 indignius
808 861 873 921 est,
902 873 997 934 quam
1021 851 1162 910 consumi

140 932 326 1006 15eam‚ubi
346 953 409 992 non
429 933 531 1013 possit
552 929 686 992 ostendi.
714 929 834 989 Eadem
855 929 925 991 fere
946 931 1160 1004 Ptolemaeus,

174 1027 208 1081 et
228 1012 336 1073 similia
358 1011 405 1070 his
427 1011 537 1072 ceteri.
579 1012 705 1093 lamque
731 1009 873 1068 confusis
896 1011 1027 1071 vocibus
1048 1009 1161 1070 dentes
1259 1044 1261 1048 ·

175 1104 248 1154 euin
268 1090 409 1161 orabant,
429 1103 465 1150 ut
484 1089 798 1158 tandemsexsatiatae
818 1089 904 1149 laudi
924 1091 1054 1152 modum
1075 1091 1161 1151 face-

175 1185 236 1254 ret,·
260 1193 296 1232 ac
317 1172 409 1232 saluti
425 1191 516 1247 suae,
537 1169 570 1229 id
591 1181 640 1230 est
659 1169 816 1250 publicae,
837 1183 996 1252 parceret.

135 1261 173 1322 95
254 1254 350 1313 Grata
374 1264 442 1311 erat
462 1251 532 1333 regi
552 1249 651 1331 pietas
674 1249 855 1313 amicorum.
886 1251 996 1334 Itaque
1021 1251 1160 1334 singulos

115 1366 119 1376 =
174 1333 355 1394 familiarius
378 1331 538 1412 ampiexus
566 1329 732 1392 considere
759 1329 856 1390 iubet.
898 1331 1066 1424 ditiusque
1096 1352 1161 1390 ser-

140 1427 265 1475 17mone
285 1412 441 1494 repetito,
462 1399 562 1473 Vobis
584 1409 730 1494 quidem,
750 1409 863 1492 inquit,
885 1431 905 1472 o
928 1407 1069 1470 fidissimi
1090 1412 1161 1492 piis·

174 1491 442 1576 simiqu'ecitium
463 1501 556 1574 atquc
577 1491 758 1564 amicorum,
776 1502 889 1570 grates
903 1507 962 1573 ago
982 1491 1160 1574 habeoque,

173 1589 237 1635 non
257 1572 359 1632 solum
382 1571 578 1648 eonomine,
601 1569 688 1653 quod
708 1569 804 1629 bodie
833 1571 962 1630 salutem
985 1591 1085 1631 meam
1107 1574 1167 1631 ve·'

174 1665 258 1714 strae
278 1652 489 1734 praeponitis,
513 1651 569 1711 sed
592 1650 678 1734 quo'd
701 1671 718 1708 a
739 1649 920 1732 primordiis
942 1650 1017 1711 belli
1038 1651 1160 1710 nullum

175 1753 251 1815 erga
271 1753 321 1792 me
342 1732 573 1792 benivolentiae
587 1732 700 1812 pignus
722 1743 815 1813 atquc
832 1729 984 1790 indiciuni
1002 1731 1159 1806 omisistis,

176 1814 255 1874 adeo
280 1807 317 1872 ui
339 1811 554 1872 confitendum
575 1813 632 1888 sit,
658 1831 817 1894 nunquam
841 1810 917 1870 mihi
943 1811 1038 1872 vitam
1059 1832 1160 1871 meam

174 1894 274 1956 fuisse
294 1905 358 1954 tam
379 1911 492 1968 caram,
514 1899 607 1975 quarn
628 1912 698 1952 esse
720 1891 836 1972 coepit,
855 1897 892 1950 ut
911 1891 1000 1950 vobis
1022 1889 1076 1952 diu
1096 1890 1160 1951 frui

140 1975 302 2056 ttpossim.
345 1975 496 2032 Ceterum
512 1993 578 2032 non
599 1973 709 2032 eadem
731 1984 779 2032 ost
804 1970 952 2052 cogitatio
970 1970 1160 2054 eorumpqui

174 2071 235 2136 pro
260 2061 310 2114 me)
331 2053 414 2112 iuori
435 2063 554 2132 optant,
578 2053 611 2113 et
631 2069 720 2114 mea:
750 2053 803 2144 qui
823 2051 951 2134 quidem
970 2050 1049 2112 hanc
1074 2051 1160 2111 beni-

175 2135 343 2194 volentiam
369 2141 506 2192 vestram
527 2133 644 2193 virtute
672 2145 825 2193 meruisse¹
854 2151 904 2190 me
928 2125 1044 2195 iudico.
1091 2131 1159 2193 Vos

176 2215 258 2272 enim
280 2205 461 2274 diuiurnum
481 2208 621 2272 fructuri
643 2233 681 2272 ex
707 2231 772 2285 me,
803 2211 935 2272 forsitan
963 2212 1055 2272 etiam
1086 2232 1159 2292 per-

174 2303 317 2372 petuum,
337 2291 504 2370 percipere
527 2293 655 2372 cupitis:
676 2289 737 2372 ego
761 2313 811 2351 me
831 2293 947 2351 metior
967 2313 1030 2352 non
1051 2293 1159 2352 aetatis

143 2368 295 2453 rispatim
324 2370 380 2431 sed
402 2369 532 2450 gloriae.
573 2371 679 2431 Licuit
704 2368 841 2452 paternis
870 2371 981 2454 opibus
1010 2383 1158 2433 contento

175 2453 256 2512 intra
277 2449 480 2512 Macedoniae
500 2451 650 2510 terminos
671 2461 731 2532 pe'r
752 2453 851 2512 otium
871 2453 1015 2534 corporis
1029 2471 1158 2532 exspec-

173 2547 245 2594 tare
273 2533 446 2592 obscuram
467 2539 499 2590 e't
525 2525 695 2623 ignobilem
724 2529 949 2610 seneciutema
970 2553 1159 2616 quamquam

175 2634 215 2673 ne
236 2613 320 2696 pigri
341 2609 468 2694 quidem
488 2610 547 2679 sibi
567 2609 632 2672 fata
654 2610 840 2694 disponunt,
872 2613 929 2674 sed
956 2614 1081 2674 unicum
1101 2611 1158 2672 bo·
1200 2618 1204 2622 ’

185 2813 362 2832 -nn—-p

229 2953 271 3030 1))
290 2963 371 3030 rasa„
387 2965 481 3016 contra
494 2961 534 3016 si.
552 2965 631 3030 nesc-
647 2966 722 3018 Vau.
741 2974 766 3023 2.
785 2967 866 3036 song.
884 2970 952 3020 seen
964 2985 1015 3040 pro
1025 2959 1157 3034 pertenta.

177 3061 208 3071 -
226 3031 296 3083 idem
314 3040 377 3100 post
394 3050 470 3084 servo
487 3029 580 3086 inserit
595 3037 725 3102 periculo.
1149 3037 1154 3046 ’

228 3105 271 3159 15)
289 3099 364 3152 Frsb.
383 3103 482 3153 suindiu'
498 3105 510 3152 i
516 3103 553 3156 is.
573 3131 605 3142 -
625 3103 668 3154 Fr.
687 3105 748 3158 Ald
769 3105 825 3155 Bas.
845 3117 878 3155 εκ
896 3109 1030 3159 satietate.
1106 3129 1108 3134 ’

104 3178 108 3183 ’
190 3181 192 3186 “
228 3169 269 3235 17)
291 3171 368 3224 Voss.
390 3187 411 3220 1.
429 3187 453 3220 a.
473 3173 506 3222 Ι).
524 3173 607 3238 bong.
625 3173 687 3222 cum
705 3173 773 3226 Edd,
793 3181 854 3224 vett.
873 3193 929 3224 non
951 3177 1038 3226 solum
1057 3195 1132 3228 men.

230 3239 273 3293 18)
292 3239 367 3290 Voss.
389 3253 413 3288 2.
432 3243 532 3308 transp.
551 3241 649 3308 cupitis
666 3242 810 3309 percipere,
830 3236 1000 3311 al.‘cupietis.
1020 3277 1051 3284 -
1081 3247 1156 3310 vulgo

178 3305 227 3358 sed
240 3307 353 3372 glori&
370 3307 425 3355 Pal.
446 3314 468 3360 1.
482 3312 513 3362 ¹et
528 3307 644 3357 Theocr.
664 3313 719 3358 don
737 3321 791 3358 tum
814 3313 912 3361 astutis
938 3331 978 3379 sp.
999 3331 1080 3383 quam
1096 3313 1156 3379 glo·

179 3379 243 3436 riae,
255 3373 349 3424 eonium
368 3373 525 3424 ducentibus
539 3373 650 3440 vestigiis
670 3371 736 3428 cod.
756 3379 831 3428 Vo'ss.
849 3385 887 3445 2.;
907 3380 981 3432 Mod.
999 3380 1047 3430 sed
1060 3399 1155 3450 peren-

180 3443 276 3508 nitatis
295 3439 345 3506 bid
361 3439 478 3506 gloriae.
566 3487 568 3492 ,
