2686 3876
425 365 470 422 DE
493 367 870 433 etsnssutx.v111‚o.
906 327 914 348 x
1098 374 1132 426 ω

138 523 210 607 gine
229 509 438 593 vestibulum,
459 527 493 580 et
512 513 602 599 vigiii
622 513 789 578 excubanti
809 513 897 578 basts
917 515 1037 590 abiete,
1058 527 1133 580 con*

138 603 220 664 stitit
238 601 271 660 in
292 600 390 672 aditu,
416 619 480 684 quo
501 617 633 659 neeesse
655 594 802 670 eratin,
826 598 881 680 qui
905 598 996 658 simui
1019 615 1133 658 eoene-

137 694 262 757 terant
280 675 406 760 egredi.
449 675 603 738 Abierant
629 675 742 738 ceteri.
786 677 887 737 Clitus
916 679 1043 739 ultimus
1065 679 1175 751 sinent

138 763 262 826 lumine
281 759 396 826 exibat.
437 757 542 856 Quem
562 777 631 833 rex,
653 755 793 896 ‹puisnam
814 756 921 817 esset?
948 760 1068 819 interro
1093 771 1133 818 at.

139 842 316 906 Eminebat
337 835 431 900 etiam
450 859 482 900 m
506 855 588 898 voce
610 853 664 897 sce
678 835 756 912 eris,
778 835 864 920 quod
885 837 1025 916 parabat,
1050 859 1066 897 a
1100 859 1134 900 o·

139 925 229 985 citas.
278 925 321 982 Et
349 920 404 980 ilie
431 920 492 978 iam
519 935 582 976 non
609 936 683 978 snae
716 915 773 976 sed
801 915 887 998 regis
914 917 978 980 irae
1001 939 1167 992 memor‚5s

141 1007 264 1069 Clitum
286 1019 378 1076 esse,
404 1010 438 1059 et
468 996 508 1058 de
541 997 686 1058 convivio
713 997 801 1057 exire
824 995 998 1076 respondit.
1030 1001 1169 1069 .Haec52

144 1083 277 1146 dicentis
304 1073 386 1140 latus
412 1078 501 1138 hasta
523 1075 693 1140 transfixit:
728 1076 958 1159 morientisque
985 1079 1133 1160 sanguine
1164 1081 1168 1116 ³
1201 1153 1204 1158 Ι

141 1182 301 1247 aspersus,
327 1161 454 1236 Inane,
480 1157 593 1242 inquit,
614 1157 654 1218 ad
680 1157 864 1240 Philippum
894 1167 927 1218 et
954 1154 1135 1218 Parmenio-

141 1265 216 1306 nem
237 1239 463 1304 etatulam·
605 1240 610 1249 '

142 1367 168 1408 Ι,
299 1321 382 1380 Male
401 1314 543 1380 humanis
563 1317 695 1402 ingeniis
714 1327 827 1379 natura
852 1317 1030 1391 eonsuinit,
1050 1315 1176 1401 quodfi

147 1390 179 1440 ,⁸
220 1401 409 1484 plerumque
432 1421 494 1484 non
516 1400 624 1460 futura
645 1400 703 1460 sed
716 1411 870 1460 transacta
896 1397 1134 1484 perpendimus.
1170 1421 1174 1434 ·

146 1479 274 1627 quippe
303 1501 378 1558 rex,
400 1493 575 1564 ⁴postquam
602 1475 649 1541 ira
675 1491 782 1542 mente
809 1479 1009 1554 decesserat,
1040 1479 1135 1540 etiam

143 1573 299 1650 elrretate
320 1561 475 1637 discussa,
494 1560 740 1642 magnitudinem
763 1559 914 1623 facinoris
944 1579 1015 1622 sera
1041 1559 1135 1620 aesti-

140 1644 277 1708 matione
302 1642 475 1728 perspexit.
513 1637 651 1702 Videbat
677 1653 753 1703 tune
783 1640 950 1703 immodica
979 1641 1129 1701 libertate
1153 1647 1170 1693 2

141 1727 284 1792 abusum,
307 1724 365 1783 sed
386 1720 523 1814 alioquin
545 1721 710 1802 egregium
743 1721 829 1782 hello
858 1723 962 1782 virum
991 1732 1040 1794 et,
1070 1721 1131 1780 nisi

113 1835 115 1846 ·
145 1804 353 1869 erubesceret
373 1801 477 1872 fateri,
500 1811 696 1861 servatorem
716 1801 774 1861 -sui
796 1800 949 1860 occisum:
984 1799 1135 1860 ¹Detestn-
1170 1831 1173 1840 ·

142 1887 208 1947 biie
232 1879 385 1942 carnificis
406 1877 611 1939 ministerium
635 1889 846 1962 occupaverat
866 1897 941 1954 rex,
961 1879 1135 1940 verborum

143 1961 314 2034 licentiam,
337 1978 419 2044 quae
446 1959 517 2019 vino
537 1969 665 2038 poterat
686 1959 851 2042 imputari,
875 1959 1010 2020 nefanda
1037 1958 1136 2020 caede

143 2047 240 2109 ultus.
285 2039 430 2109 Manabat
449 2048 519 2099 toto
540 2038 697 2101 vestibulo
718 2058 814 2103 cruor
840 2039 935 2122 paulo
963 2049 1034 2099 ante
1062 2049 1174 2098 con-c

146 2126 254 2190 vivae:
292 2121 324 2182 vi
348 2121 405 2181 iles
433 2118 554 2180 amoniti
582 2127 615 2180 et
630 2120 840 2203 ‚stupentibus
876 2119 992 2180 similes
1021 2117 1136 2202 procui

145 2203 288 2279 stabant,
308 2141 558 2282 liberioremque
585 2201 810 2282 poenitentiam
837 2201 974 2274 solitudo
1001 2199 1137 2282 excipie-
1168 2212 1171 2218 '

146 2289 211 2350 bat.
253 2286 341 2366 Ergo
361 2281 480 2342 hastam
503 2301 542 2341 ex
563 2300 700 2363 corpore
721 2283 849 2344 incentis
871 2283 1009 2342 evulsam
1033 2289 1173 2343 recor-t

146 2369 189 2428 sit
209 2367 243 2426 in
264 2373 365 2425 semet
372 2382 381 2438 3
405 2363 530 2444 iamque
552 2359 736 2424 admoverat
756 2362 882 2448 pectori
897 2382 968 2423 eum
984 2359 1135 2423 advolant
1162 2392 1167 2402 ·

145 2447 276 2531 vigiles,
297 2452 331 2506 et
357 2441 543 2526 repugnanti
570 2461 588 2503 e
615 2444 759 2504 manibus
789 2455 880 2505 extor
925 2453 993 2518 ent,
1020 2443 1134 2502 alleva·

80 2533 85 2554 ¹
139 2539 277 2609 tumque
295 2527 327 2586 in
347 2523 584 2585 tabernaculum
605 2522 765 2588 deferunt.
807 2526 864 2584 lile
910 2523 974 2584 unni
993 2530 1173 2602 prostes-⁵

145 2617 237 2667 verat
257 2615 383 2687 corpus,
403 2603 522 2688 gemitu
549 2603 733 2689 eiulatuque
754 2601 925 2685 miserabili
943 2613 1043 2662 totam
1062 2617 1136 2680 per·

154 2722 350 2768 W.)

97 2805 100 2812 ’
199 2818 243 2886 51)
260 2817 338 2870 Voss.
356 2835 381 2878 a.
397 2826 497 2888 trausp.
514 2815 573 2872 irae
592 2817 676 2886 regin
693 2842 727 2854 -
753 2815 822 2870 Cod.
840 2815 957 2868 Theocr.
977 2813 1012 2866 al.
1035 2813 1134 2864 Clitum

149 2903 182 2939 Ν
205 2904 269 2936 esse.

217 2957 243 3011 si
262 2955 296 3004 al.
313 2951 434 3005 consulit.
452 2979 486 2993 -
502 2953 580 3006 Voss.
600 2969 625 3008 a.
641 2953 773 3023 plerique.

214 3022 242 3090 2)
263 3023 340 3073 Voss.
359 3022 383 3075 2‘.
401 3033 596 3071 servat-snum.

213 3091 241 3162 3)
259 3105 308 3161 pro
329 3088 486 3159 excipiebat,
504 3090 637 3138 firmatum
656 3087 840 3138 consentiente
858 3088 1017 3140 auctoritate
1035 3087 1132 3156 codd,

146 3161 224 3217 Frsb.
244 3155 373 3220 excs'ebnt,
392 3156 466 3225 quod
483 3157 601 3225 praefert
618 3157 720 3206 Censor
743 3157 770 3206 in
796 3155 862 3206 bibl.
887 3156 952 3206 erit.
969 3157 1038 3208 Hiid.
1059 3161 1133 3214 1828.

147 3249 175 3301 p,
195 3244 235 3297 70.
254 3229 322 3282 Cod.
344 3227 459 3288 Theocr.
477 3223 649 3296 sequebatur.
669 3253 702 3264 -
718 3225 811 3294 paullo
831 3235 892 3276 ante
909 3226 985 3278 Voss.
1003 3243 1028 3282 o.
1048 3230 1133 3279 omitt.

147 3299 256 3369 vigiles.
487 3291 494 3302 ’

215 3366 242 3434 5)
257 3366 337 3420 Voss.
358 3380 382 3416 α.
399 3370 600 3415 constraverat.
619 3388 653 3401 -
675 3359 745 3411 idem
764 3377 823 3412 cnm
843 3361 893 3412 Tb.
913 3362 1081 3432 Msslrstnque.
1101 3396 1133 3406 -

80 3485 83 3490 .
149 3434 224 3487 Frsb.
243 3444 302 3484 toto
318 3443 486 3504 personante
504 3433 598 3499 regim
614 3433 714 3498 Zumpt
740 3439 844 3483 secutus
864 3439 904 3484 est
925 3430 1000 3482 Voss.
1019 3447 1054 3498 ²3
1073 3444 1133 3485 tote
1158 3445 1166 3458 ²

148 3519 303 3573 personans
321 3503 399 3570 regio
416 3507 485 3571 opti.
503 3500 590 3554 Codd.
610 3498 756 3556 m-ssdd.
775 3509 836 3556 retr.
