2688 3872
215 371 301 436 ³1aa
430 395 433 403 ⁴
596 359 638 443 ’0.
664 355 782 429 curru
803 359 945 428 nurr'

251 517 390 591 ministret,
408 516 526 596 Aristoni
544 519 669 593 denique,
686 533 715 577 ut
734 525 768 578 ad
787 517 959 593 Perdiccam,
982 515 1064 594 q‘nent
1090 515 1147 594 lpte
1171 523 1247 578 Ale·¹

211 603 220 624 l·
252 596 354 646 rander
379 596 458 646 anulo
484 593 580 645 tradito
604 611 791 647 successorem·
810 595 860 646 sibi
880 594 1066 660 destinaverit,
1093 597 1129 644 im
1150 594 1239 646 erium

253 663 395 716 deleratur.
423 659 493 713 Illud
513 662 620 730 quidem
639 662 799 732 deprecatur
816 663 874 730 ipse
891 663 1043 716 Perdiccas.
1063 660 1122 730 (aa)
1163 663 1238 713 elea·

212 741 217 748 '
252 748 299 799 ger
325 740 412 784 autem
436 730 527 800 (vetas
548 728 607 782 dlix
624 733 742 798 agminis
765 731 887 801 peditum
913 729 1171 798 Macedonicorum)
1190 745 1237 782 re·

197 857 200 864 (
250 799 387 868 prehensis
406 799 538 864 omnibus,
560 801 688 868 imprimis
707 817 774 869 opus
793 817 849 852 ease
865 797 969 865 censet,
985 808 1018 849 ut
1034 798 1150 851 thesauri
1168 799 1237 866 regii

212 877 215 882 '
251 867 408 933 dividantur,
430 869 529 937 etipse
547 865 580 917 ad
601 883 646 918 eos
663 868 830 936 diripiendos
848 869 972 935 erumpit.
994 866 1089 937 (aa)ln
1103 862 1144 919 'ea'
1156 867 1237 918 turba

250 953 316 986 unns
334 935 512 988 Macedonum
530 935 722 1002 Arrhidaeum,
747 937 890 987 Alexandri
918 937 1043 1001 fratrem,
1061 944 1237 1004 praetereun-

214 1013 216 1018 “
250 1005 314 1058 dum
331 1021 387 1056 esse
406 1012 495 1070 negat,
514 1003 546 1054 ad
567 1019 677 1072 eamque
699 1006 865 1069 sententiam,
886 1007 989 1056 irrratra·
1002 1003 1170 1056 dissuadente
1188 1003 1234 1053 Pi-

249 1073 345 1135 thone,
364 1074 454 1138 vulgus
471 1070 648 1123 Macedonum
667 1073 787 1128 inclinat.
823 1073 984 1136 Arrhidaeus
1001 1089 1015 1122 a
1033 1074 1169 1139 Meleagro
1186 1069 1236 1120 ad-

213 1151 216 1155 “
250 1141 371 1203 ducitur,
388 1157 488 1206 rexque
506 1138 644 1208 Philippus
665 1143 803 1194 salutatur.
841 1142 898 1210 (23)
923 1141 1022 1192 Verum
1051 1141 1185 1208 principes
1204 1139 1234 1188 in

249 1221 348 1273 nomen
364 1207 412 1258 filii
430 1208 572 1259 Alexandri
591 1217 606 1258 e'
621 1209 729 1260 Roxane
749 1211 831 1260 futuri
850 1211 953 1273 iurant,
966 1213 1128 1275 'tutoresque
1145 1210 1169 1260 ei
1183 1207 1234 1258 de·

211 1277 214 1284 '
245 1273 347 1327 'atinent
363 1275 519 1327 Perdiccam
536 1285 563 1326 et
580 1277 755 1329 Leonnatum.
800 1277 917 1329 Phalanx
937 1292 987 1345 pro
1009 1275 1137 1345 Philippo
1160 1291 1234 1327 arma

227 1347 330 1413 eoepit,
362 1341 421 1411 (14)
448 1353 475 1395 01
497 1359 584 1412 pugna
611 1344 641 1395 111
660 1347 730 1396 circa
749 1363 846 1414 corpus
861 1346 948 1412 regis,
967 1358 1043 1411 aegre
1061 1346 1088 1394 iu
1105 1358 1234 1412 praesens

212 1424 215 1428 ·
249 1413 405 1480 composita.
441 1413 563 1480 Equitum
581 1429 674 1480 magna
690 1429 751 1482 pars
770 1431 802 1466 es
819 1413 886 1466 urbe
910 1414 990 1479 sugit,
1021 1411 1084 1531 (05)
1105 1413 1138 1462 ad
1163 1427 1233 1479 quos
1325 1419 1327 1476 g

248 1481 330 1530 etiam
345 1478 588 1545 Perdiccas,'cuius
605 1483 672 1532 vitae
692 1483 798 1533 nemine
817 1482 884 1548 regis
907 1481 1025 1548 Philippi
1051 1497 1064 1530 a
1085 1496 1145 1530 usus
1172 1481 1232 1530 Me·

248 1549 339 1614 leager
359 1547 494 1601 insidiatus
520 1533 605 1614 esset',
628 1566 684 1601 sese
708 1551 812 1619 recipit.
857 1549 914 1617 lah)
944 1550 1042 1600 Milites
1069 1547 1232 1617 perturbati,

209 1617 214 1633 ⁴
251 1616 324 1684 quod
342 1616 375 1667 ab
396 1617 527 1685 equitibus
546 1626 694 1669 commeatu
713 1617 970 1681 intercludebantur,
995 1615 1050 1684 (07)
1070 1617 1230 1684 exprimunt,
1256 1647 1258 1656 .

249 1691 280 1734 ut
296 1684 375 1752 legati
395 1685 428 1737 de
446 1685 607 1737 restituenda
629 1686 786 1752 concordia*
798 1689 944 1737 mittantur.
971 1685 1091 1736 Tandem
1110 1686 1146 1734 ita
1164 1699 1231 1735 con·
1326 1689 1327 1692 ’

249 1753 329 1819 venit,
347 1760 375 1803 ut
392 1754 470 1804 ambo
486 1771 562 1820 reges
580 1763 683 1818 essent,
711 1752 783 1821 (cum
809 1754 936 1824 Philippo
961 1753 1063 1803 iuturus
1088 1752 1230 1804 eRoxane

227 1831 229 1836 '
248 1820 317 1872 filius
334 1821 490 1888 Alexandri)
510 1831 535 1873 et
553 1821 685 1873 tutoribus
702 1823 794 1873 tertius
813 1822 957 1874 adderetur
975 1823 1115 1888 Meleager.

313 1887 370 1957 (²8)
387 1891 480 1958 Neque
500 1898 589 1941 tamen
614 1889 737 1940 diuturna
760 1891 825 1943 haec
846 1891 896 1941 tuit
918 1891 1072 1955 consensio,
1099 1886 1147 1939 sed
1165 1904 1227 1939 cum

247 1957 302 2008 iata
319 1958 356 2008 ita
372 1957 480 2021 ierrent,
497 1967 528 2008 ut
539 1959 680 2030 niaximpm
692 1961 842 2028 imperium,
860 1959 904 2011 cui
923 1961 1014 2028 plnres
1032 1967 1157 2026 praeesse
1171 1958 1228 2008 rel·

248 2027 313 2090 lent,
331 2025 409 2076 bellis
430 2026 551 2077 civilibus
577 2025 760 2091 dilaberetur,
791 2045 854 2078 mox
884 2027 1025 2078 Perdiccas
1057 2025 1169 2077 consilia
1194 2023 1229 2075 de

208 2121 210 2124 ·
248 2093 371 2146 tollendo
389 2095 523 2161 Meleagro
546 2096 644 2162 agitare
668 2096 766 2166 coepit.
804 2095 861 2166 (09)
885 2095 947 2145 Eius
969 2095 1094 2145 instinctu
1122 2094 1150 2141 in
1172 2094 1227 2142 sol-

248 2163 330 2212 lemni
346 2161 505 2213 lustratione
523 2164 652 2214 exercitus
669 2179 717 2215 rex
739 2172 872 2215 trecentos
889 2163 1005 2226 milites,
1027 2163 1072 2228 qui
1090 2177 1150 2212 cum
1167 2161 1225 2210 Me·
1315 2173 1322 2232 *j

248 2229 339 2295 leagro
356 2229 514 2292 seditionem
529 2230 582 2280 orsi
601 2240 684 2296 erant,
700 2232 829 2293 trucidari
847 2231 934 2283 iubet:
954 2247 1016 2280 mox
1027 2231 1083 2298 ipse
1094 2229 1227 2293 Meleager

208 2309 212 2316 ·
248 2295 388 2348 occiditur.
425 2294 481 2364 (30)
517 2298 585 2346 Τυιιι
615 2297 649 2349 de
675 2302 809 2351 communi
840 2300 952 2352 oonsilio
981 2298 1134 2366 provinciae
1158 2298 1227 2347 inter

207 2368 226 2388 ·³
249 2365 383 2432 principes
402 2363 482 2415 duces
507 2363 543 2414 ita
563 2365 771 2434 distribuuntur,
791 2378 822 2420 ut
844 2383 944 2420 summa
962 2377 1098 2434 res-penes
1111 2381 1186 2431 reges
1200 2372 1226 2416 et
1320 2425 1321 2428 Ἴ

249 2433 418 2497 Perdiccam,
450 2447 544 2482 eorum
574 2441 709 2501 tutorem,
751 2442 828 2489 ess'et.
881 2435 935 2506 (31)
969 2434 1072 2503 Corpus
1110 2436 1226 2484 Alexan·
1320 2439 1321 2446 ’

248 2499 289 2552 dri
315 2501 427 2570 septimo
455 2499 567 2570 demam,
585 2502 629 2554 die
651 2513 769 2556 curatum
799 2523 814 2556 a
838 2507 991 2557 Ptolemaeo
1016 2505 1044 2553 in
1070 2502 1224 2570 Aegyptum,

247 2571 423 2622 Alexandriae
440 2568 620 2637 condendum,
633 2572 782 2624 deducitur.
800 2573 911 2626 Veneno
922 2573 997 2621 illum
1010 2579 1132 2622 necatum
1146 2570 1225 2620 luisse
1318 2589 1319 2594 ¹

247 2637 281 2688 ab
299 2639 375 2704 lolla,
393 2639 526 2707 Antipatri
544 2640 616 2705 lilio,
632 2648 689 2690 tum
708 2641 814 2708 quidem
837 2643 905 2692 sama
923 2638 1143 2708 percrebruerat,
1163 2652 1224 2688 mox

246 2715 358 2777 propter
375 2709 521 2776 potentiam
538 2709 609 2760 illius
626 2709 739 2761 familiae
763 2711 887 2778 elanguit.

211 2839 226 2897 1
324 2819 441 2880 lisdem
455 2819 526 2880 fere
539 2820 649 2881 diebus
661 2823 816 2884 Cleander
832 2838 864 2886 01
877 2823 1005 2885 Sitalces
1028 2831 1060 2880 et
1080 2839 1153 2879 enm
1234 2866 1236 2874 .
1316 2809 1317 2820 ¹

247 2899 413 2982 Agathone
429 2902 574 2961 Heracon
588 2903 822 2981 superveniunt,
840 2905 894 2988 qui
914 2899 1152 2964 Parmenionem
1198 2892 1221 2936 ¹·
1313 2915 1316 2976 j

203 3015 205 3021 ·
249 2984 334 3043 iussis
364 2979 448 3060 regis
476 2979 675 3056 occiderant,
706 2983 843 3065 quinque
869 2985 954 3045 milia
981 2981 1122 3065 peditum
1151 2998 1221 3039 cuna

208 3079 226 3121 a
248 3057 404 3148 equitibus
423 3057 520 3121 mille.
559 3057 637 3118 Sed·
652 3073 688 3121 et
711 3075 910 3125 accusatores
937 3085 992 3124 eos
1014 3083 1032 3121 e
1051 3057 1220 3141 provincia,

200 3213 203 3218 ¹
248 3145 299 3219 cui
317 3135 529 3234 praefuerant,
549 3138 780 3222 sequebantur,
808 3163 867 3204 nec
886 3155 935 3206 tot
960 3143 1118 3219 iocinera,
1144 3149 1220 3222 quot

247 3224 443 3289 admrserant,
464 3231 833 3316 compe11sa1epoterant
854 3225 957 3285 caedis
974 3241 1128 3304 perquam
1152 3239 1219 3301 gra·
1252 3259 1254 3266 ·
1310 3289 1312 3292 Ι

210 3323 225 3367 a
249 3318 297 3367 tae
317 3296 387 3381 regi,
406 3299 588 3360 ministerio.
629 3297 756 3384 Quippe
786 3324 855 3364 cerm
878 3304 978 3365 omnia
999 3299 1132 3382 proi'aaa
1151 3317 1219 3379 spo·
1310 3297 1312 3310 ¹

246 3387 443 3454 11000001,οθ
463 3381 557 3440 saeris
577 3382 704 3464 quidem
725 3383 947 3459 abstinuerant,
966 3380 1168 3462 virginesque
1188 3387 1219 3436 01
1308 3407 1311 3428 >

246 3462 402 3552 principes
422 3458 618 3534 feminarum,
641 3475 748 3545 stupra
777 3483 957 3545 perpessae,
978 3481 1150 3538 corporum
1172 3457 1218 3514 lu·
1247 3495 1249 3500 -
