2686 3876
450 391 494 442 DE
513 389 636 442 GESTlS
655 389 757 440 etex.
777 389 845 454 Vll,
864 390 906 440 ae.
1126 393 1158 446 31

161 559 263 624 ,quant
279 558 344 600 'nro
366 558 401 600 se
426 539 568 622 quisque.
593 555 692 618 eques
724 536 888 620 pedesque
921 535 1030 596 subire
1059 548 1161 598 certa-

161 621 252 680 bant.
273 620 425 700 Epaitcs,
454 639 526 680 curn
554 616 677 700 quibus.
699 635 758 675 rex
786 617 909 696 proelia
938 616 1017 676 inire
1048 615 1160 677 solitus

147 697 246 774 '.crat‚
268 701 316 760 sui
336 699 482 784 muneris⁸
503 697 534 757 id
566 717 637 758 esse
665 694 850 756 censebant:
879 695 1006 777 pedites
1040 706 1161 774 contra,

146 790 239 842 somn
269 780 394 840 saucios
425 778 656 839 conmilitones
689 775 750 856 ipsi
785 789 909 856 gestare
940 776 1161 849 assuevissent,

163 860 250 941 ¹eripi
277 860 338 920 sibi
387 860 531 938 roprium
562 855 703 916 cilicium
736 866 804 916 tum
836 856 1051 936 potissimum,
1087 853 1161 917 oiim

168 961 226 1000 rex
248 881 419 1022 gestandus
436 949 530 1010 esset,
544 936 771 1019 querebantur.
792 938 874 1012 Rex,
893 936 924 994 in
939 947 1026 1000 tanto
1045 936 1180 996 utrius·t

165 1041 232 1103 ‘que
254 1021 352 1101 partis
374 1017 564 1092 certamine,
586 1029 617 1076 et
637 1016 698 1078 sibi
718 1013 900 1090 difficilem,
925 1027 959 1076 et
979 1016 1161 1096 praeteritis

167 1122 300 1181 gravem
322 1099 513 1162 electionem
533 1095 675 1156 lirturam
695 1108 794 1174 ratus,
816 1096 953 1158 invicem
974 1095 1082 1157 subire
1104 1116 1161 1159 eos

169 1181 273 1242 iussit.

248 1259 330 1318 llinc
351 1269 466 1339 quarto
489 1254 540 1318 die
562 1255 601 1316 ad
617 1255 731 1317 urbem
754 1257 941 1320 Maracanda
969 1265 1201 1340 perventumffi

163 1350 232 1400 est.
274 1340 361 1398 Lxx
384 1338 481 1398 stadia
510 1358 618 1398 murus
645 1337 733 1398 urbis
760 1337 982 1419 amplectitur3
1018 1357 1074 1400 arx
1098 1335 1160 1419 elio

166 1419 306 1501 »cingitur
325 1439 428 1479 muro.
470 1419 519 1480 hc
545 1417 705 1498 praesidio
736 1416 810 1483 urbi
836 1419 969 1498 relicto,
996 1417 1195 1501 proximem

166 1499 258 1564 ¹vices
279 1499 492 1581 depopulatur
513 1509 543 1558 at
570 1518 610 1557 ue
632 1498 706 1562 urit.
981 1541 989 1546 -

248 1581 359 1662 Legati
381 1579 499 1639 deinde
520 1519 676 1638 Abiorum
707 1577 894 1658 Scytharum
921 1579 1161 1662 superveniunt,

118 1687 120 1694 ·
170 1659 275 1729 liberi,
298 1681 337 1720 ex
357 1681 422 1743 quo
441 1659 625 1718 decesserat
640 1660 751 1736 Cyrus,
772 1671 839 1718 tum
855 1660 1009 1753 imperata
1030 1659 1161 1722 facturi.

167 1740 357 1802 Iustissimos
379 1738 591 1798 barbarorum
608 1737 793 1800 constabat:
829 1761 923 1798 armis
953 1739 1161 1806 abstinebant,

163 1812 230 1878 'nisi
252 1819 413 1880 lacessiti:
441 1816 596 1876 libertatis
618 1815 745 1876 modico
771 1829 803 1878 et
825 1819 1028 1900 aequalimsu
1047 1818 1163 1899 princi-

169 1898 263 1977 pibus
295 1897 482 1960 humiliores
533 1913 602 1953 ares
633 1893 786 1976 fecerant.
828 1899 896 1956 Hos
923 1896 1058 1977 benigne
1087 1897 1199 1966 allo-12

171 1987 275 2052 cutus,
297 1976 337 2038 ad
358 1993 414 2034 eos
444 1973 518 2052 Scyt
542 1994 592 2048 as,
624 1974 678 2055 qui
699 1977 864 2057 Europam
884 1976 1042 2051 incolunt,
1069 1976 1163 2036 Peni-

162 2056 241 2142 'dana
275 2055 433 2138 quendam
457 2054 547 2114 'misit
574 2073 614 2114 ex
638 2055 761 2124 amicis,
792 2057 848 2140 qui
876 2055 1078 2116 denuntiaret
1104 2055 1164 2134 bis,
1205 2053 1212 2071 ³

169 2157 208 2208 no
231 2137 359 2204 'l'anainr
388 2156 512 2200 amnem
539 2135 679 2217 regionis
708 2136 829 2198 iniussu
859 2137 945 2220 regis
986 2137 1164 2202 transirent.

162 2209 285 2280 ‘Eidem
306 2215 506 2284 mandatum,
528 2226 564 2276 ut
593 2218 863 2299 contemplaretur
892 2218 1038 2280 locorum
1058 2218 1165 2292 situm,

161 2293 204 2368 fet
226 2299 300 2360 illos
326 2317 455 2381 quoque
482 2293 630 2376 Scythas,
651 2297 706 2380 qui
732 2318 830 2380 super
850 2303 1022 2380 Bosporon
1045 2299 1164 2372 colunt,

162 2377 303 2459 uiseret.
346 2376 541 2440 Condendae
568 2377 642 2436 urbi
667 2376 777 2438 sedem
806 2400 903 2462 super
930 2380 1031 2462 ripam
1052 2378 1199 2451 Tanaisffl

162 2458 336 2541 elegerat,
365 2457 538 2522 claustrum
560 2467 594 2518 et
619 2457 681 2518 iam
708 2458 983 2540 perdomitorum,
1016 2472 1051 2522 et
1081 2479 1162 2543 quos

163 2591 365 2616 'm
432 2588 434 2596 ¹

165 2667 186 2682 ''
235 2657 263 2724 8)
283 2661 317 2709 al.
337 2664 424 2715 omitt.
444 2673 553 2712 coratrn.
575 2691 606 2702 -
627 2671 695 2730 optt.
715 2661 801 2718 Codd.
821 2661 1072 2732 apsa-adsueuerat.

165 2763 170 2774 t
235 2731 265 2787 9)
282 2729 352 2781 Mer.
373 2739 475 2797 ttamp.
500 2731 648 2782 certamine
667 2733 768 2799 portis.
805 2759 838 2772 ···
876 2730 945 2782 eod.
970 2735 1087 2785 Thence.
1114 2749 1163 2801 pro

172 2794 331 2859 praeteritis
349 2796 431 2848 babet
445 2799 634 2865 portantibus.
803 2807 806 2819 ”

244 2857 286 2926 10)
303 2862 378 2917 Frsb.
397 2866 497 2914 trullo
515 2867 589 2933 cing.
608 2883 702 2928 mnro;
722 2869 787 2916 elim
805 2866 874 2918 Edd.
891 2867 969 2918 illins
988 2870 1071 2940 caing„
1087 2872 1163 2923 Lcct.

164 2927 275 2995 'Zumpt
308 2918 348 2978 est'
377 2929 411 2980 de
436 2934 506 2982 coni.
531 2935 637 2983 Heinsii.
658 2930 744 2984 Codd.
774 2936 897 3000 coniung.
926 2939 998 3006 cing.
1029 2957 1105 2991 muro
1127 2957 1163 2990 oc

165 2993 419 3064 .praes1'd1b,·Frsh.
439 3001 526 3050 omisit
545 3003 625 3052 etiam
642 3002 802 3069 particulam
818 3021 836 3058 a
848 3021 871 3054 c.
891 3035 924 3046 -
961 3007 1038 3060 Voss.
1055 3026 1080 3061 a.
1096 3025 1162 3080 pro*-

165 3081 257 3113 -rctmos
275 3062 341 3113 ind
348 3084 369 3115 e.

224 3137 267 3195 ιι)
284 3135 359 3184 Frsh.
371 3133 514 3204 fecerunt.

221 3199 262 3270 ia)
280 3201 355 3257 Frsh.
375 3212 470 3284 contra
488 3213 557 3272 optt.
576 3202 784 3257 Codddenunt.
803 3209 857 3258 iis.
869 3235 899 3248 ·-
914 3209 991 3264 Frsh.
1011 3227 1072 3261 cum
1090 3210 1160 3275 vulg.

170 3287 259 3406 mpii)
270 3271 683 3408 {pnsppppbnpuootpnpchmieder
704 3345 730 3393 in
748 3353 846 3396 textum
864 3349 976 3416 recepit.
987 3378 1020 3386 —
1039 3344 1161 3396 Fl.Leid.

171 3407 248 3462 Voss.
270 3419 292 3458 1.
311 3425 372 3459 cum
390 3409 457 3460 Edd.
482 3419 546 3461 vett.
565 3411 687 3478 eligerer
705 3413 785 3463 Frob.
803 3416 859 3466 Bas.
874 3415 1073 3484 perdomitnro,
1088 3415 1162 3480 quod
1255 3462 1263 3478 Χ

169 3474 281 3524 sortasse
301 3477 321 3525 is
347 3479 481 3546 respiciat,
501 3481 545 3546 qui
564 3481 627 3532 lect.
646 3489 712 3550 optt.
733 3481 819 3532 Codd.
842 3485 882 3535 ΓΙ.
900 3482 974 3534 Leid.
994 3483 1069 3533 Voss.
1091 3499 1112 3532 ι.
1130 3483 1162 3533 Ι).

169 3558 224 3594 non
241 3544 336 3610 reiicit,
357 3557 382 3595 et
398 3546 476 3616 quod
492 3547 673 3602 exhibentium
693 3566 742 3620 pro
762 3562 879 3621 ecquos.
