2686 3876
233 357 264 409 is
584 348 760 415 occasu
792 349 869 400 nint

184 529 191 554 ι
232 499 344 579 signes
357 503 438 556 nutrc
459 497 496 556 iu'
511 497 665 570 medium,
686 497 820 556 nuncin
842 497 953 560 ultimo
975 518 991 557 a
1014 497 1112 574 mine,
1133 499 1223 560 itine-
1308 515 1310 538 ἔ

195 580 276 640 ¹⁸ris
292 577 502 658 multiplicato
516 576 626 638 labore
642 578 761 640 aderat.
784 579 925 638 'l'andem
944 517 1013 637 adl

102 691 104 698 r
186 703 190 714 ,
222 668 421 740 perventum
443 669 507 732 eet,
536 669 778 741 commeatuque
807 659 896 743 largo
918 669 1081 718 recreatus
1103 660 1223 720 exerci-

192 790 194 792 .
221 751 298 800 vtus:
320 737 459 797 simulet
473 739 527 819 qui
544 739 696 822 consequi
716 759 779 800 non
799 751 978 820 potuerant,
1000 738 1031 796 in
1051 738 1104 800 illa
1118 751 1221 820 castra
1310 753 1313 810 ζ

232 829 399 879 venerunt.
939 835 943 878 f

196 909 233 975 14
312 898 388 956 Inde
410 919 522 979 agmen
546 900 703 980 processit
731 901 770 962 ad
792 903 965 962 Caucasum
985 911 1143 976 montem,
1170 920 1224 961 cu-

183 1005 187 1014 ·
234 978 282 1038 ius
303 977 435 1038 dorsum
456 979 561 1041 Asiani
587 985 744 1060 perpetuo
771 982 847 1062 iugo
877 979 1003 1041 dividit:
1030 977 1102 1039 hinc
1132 980 1224 1040 simul

220 1079 332 1133 mare,
355 1059 442 1142 quod
464 1059 604 1118 Ciliciam
633 1060 733 1136 subit,
761 1061 845 1120 illinc
878 1061 1024 1140 Caspium
1051 1058 1170 1121 fretum
1192 1073 1224 1122 et

233 1161 354 1200 amnem
377 1139 658 1222 Aiaxemsaliaque
679 1141 818 1222 regionis
840 1140 991 1219 Scythiae
1008 1138 1134 1201 deserta
1153 1161 1226 1222 spe·

184 1231 287 1285 ¹elatat.
316 1224 450 1295 Taurus,
472 1220 630 1280 secundae
650 1219 874 1302 magnitudinis
894 1239 993 1295 mons,
1015 1221 1224 1282 committitur

232 1303 383 1373 Caucaso,
406 1321 423 1358 a
446 1300 649 1380 Cappadocia
677 1322 711 1361 se
739 1299 887 1361 attollens
909 1300 1049 1360 Ciliciam
1069 1302 1225 1381 praeterit

194 1381 465 1462 arArmeniaeque
486 1381 645 1441 montibus
668 1381 821 1464 iungitur.
853 1378 906 1438 Sic
926 1379 1009 1439 inter
1029 1400 1064 1439 se
1084 1382 1158 1462 iuga
1171 1401 1224 1442 ve-

233 1461 279 1520 lut
310 1460 393 1520 serie
422 1459 624 1522 cohaerentia
650 1474 842 1542 perpetuum
870 1457 988 1518 habent
1017 1457 1163 1535 dorsum,
1185 1481 1224 1523 ex

233 1561 298 1618 quc
319 1541 413 1600 Asiae
435 1540 629 1601 omniafere
651 1538 789 1612 llumina,
811 1539 869 1599 alia
892 1539 923 1598 in
943 1539 1090 1598 Rubrum
1111 1541 1169 1599 alia
1193 1541 1224 1600 in

188 1655 193 1676 .-
235 1620 383 1701 Caspium
405 1640 503 1690 mare,
524 1621 584 1680 alia
605 1621 636 1682 in
658 1622 850 1700 Hyrcanium
882 1631 915 1679 et
941 1617 1110 1679 Ponticum
1140 1620 1225 1682 deci-

198 1701 321 1765 cadunt.
365 1701 454 1761 XVII
477 1700 601 1762 dierum
622 1704 723 1783 spatio
748 1705 921 1761 Caucasum
949 1699 1112 1778 superavit
1134 1721 1225 1762 exer·

233 1781 321 1842 citua.
363 1783 473 1860 Rupes
494 1781 525 1840 iu
547 1802 586 1842 eo
609 1784 638 1842 X
661 1783 692 1842 in
713 1781 848 1843 circuitu
869 1779 967 1840 stadia
989 1779 1225 1860 complectitur,

233 1872 372 1944 quatuor
392 1862 423 1921 in
445 1861 642 1922 altitudinem
665 1862 810 1936 excedit,
838 1861 869 1918 in
898 1882 959 1942 qua
982 1859 1120 1920 vinctum
1144 1863 1225 1924 Pro·

195 1939 359 2006 comethea
380 1940 478 2002 fuisse
499 1943 666 2025 antiquitas
694 1942 811 2003 tradit²
846 1939 1038 2000 Condendae
1059 1940 1089 1998 in
1107 1942 1227 2002 'radici-

206 2073 208 2080 .
231 2021 290 2082 hus
311 2021 426 2081 moritis
447 2022 520 2082 urbi
541 2024 633 2083 sedes
655 2024 757 2082 electa
778 2033 836 2083 est.
880 2021 938 2082 llll
964 2019 1091 2079 milibus
1122 2022 1224 2082 sanio-

222 2121 302 2164 rum
323 2102 585 2164 Macedonumr
605 2114 774 2182 praeterea
788 2097 949 2171 militibus,
970 2120 1143 2180 quorumo
1171 2122 1226 2162 era

222 2181 279 2240 -uti
308 2180 459 2256 desisset,
497 2181 685 2262 permissum
714 2182 745 2240 in
773 2199 887 2243 novam
909 2177 1023 2237 urbem
1046 2181 1133 2253 consi
1158 2201 1224 2247 erc.
1276 2175 1280 2187 s

231 2263 321 2323 Hanc
343 2282 472 2343 quoque
494 2261 716 2322 Alexandriam
737 2261 862 2321 incolae
886 2259 1134 2338 appellaverunt.

188 2348 231 2409 ¹15
309 2339 489 2416 AtBes‘sus,
504 2341 674 2401 Alexandri
689 2342 853 2402 celeritate
869 2339 1072 2419 perterritus,
1082 2341 1151 2400 Diis

223 2421 504 2502 ,patriissacrilicio
513 2420 681 2498 nitefacto,
703 2422 784 2488 sicut
793 2420 853 2480 illis
863 2419 1150 2502 gentibusmcsest,
1180 2408 1224 2451 'l‘

232 2521 305 2564 cum
326 2502 432 2562 amicis
453 2500 649 2584 ducibusque
671 2502 835 2583 copiarum
848 2501 932 2560 inter
945 2499 1055 2580 epulas
1078 2499 1118 2557 de
1134 2495 1223 2587 bello

194 2599 210 2641 2
235 2583 443 2645 consultabat.
472 2582 593 2642 Graves
609 2603 698 2642 mero
716 2603 786 2642 suas
802 2581 888 2642 vires
904 2579 1070 2651 extollere,
1083 2576 1226 2668 hostium

232 2685 315 2726 nunc
335 2663 546 2724 temeritatem
564 2682 647 2722 nune
669 2663 863 2743 paucitatem
887 2676 1040 2741 spernere
1055 2655 1222 2738 incip1unt.

225 2935 238 2971 .’
288 2919 331 2978 ¹7)
348 2914 430 2969 Voss.»
441 2931 466 2971 a.
486 2913 527 2967 ad
543 2913 639 2966 ultima
656 2915 786 2982 agminis.
805 2911 938 2967 Schmied.
956 2929 1017 2964 cum
1030 2907 1225 2964 Cod.Tbeocr.

233 2997 306 3032 nuere
323 2982 352 3029 iu
369 2982 475 3035 medio..

224 3091 230 3104 „
286 3048 327 3114 18)
344 3051 420 3100 Frslt.
440 3061 541 3119 transp.
560 3051 600 3102 ud
616 3052 734 3103 cultiora
752 3060 909 3121 perventum
926 3047 996 3100 loca.

223 3151 226 3158 ·
286 3118 327 3182 19)
346 3119 461 3168 Caurus.
480 3120 537 3170 sine
556 3119 596 3170 ad
609 3121 638 3174 F.

280 3185 325 3254 αι)
347 3185 367 3236 F
371 3187 423 3237 rslt.
442 3197 501 3237 tot
517 3189 583 3254 iuga
600 3196 694 3238 contra
712 3190 838 3239 meliores
848 3185 947 3248 noda,
967 3182 1037 3234 idem
1057 3185 1225 3251 Hyrcanum.
1314 3207 1319 3218 ν

221 3275 241 3298 v
285 3255 328 3321 aa)
345 3255 422 3306 Voss.
440 3261 465 3310 2.
484 3258 513 3306 in
531 3255 693 3316 altitudine,⁸
709 3258 776 3310 Mer.
796 3257 882 3308 omitt·
901 3256 932 3319 ip
950 3262 1012 3305 ante
1032 3253 1161 3302 circuitu·
1235 3269 1243 3276 ·

282 3325 327 3382 23]
349 3339 397 3392 pro
419 3325 557 3374 seniorum
574 3340 642 3373 unus
658 3325 709 3374 Ms.
728 3339 878 3372 servorum.

303 3391 328 3457 ι)
344 3391 422 3459 sacto
440 3393 492 3442 rite
511 3401 612 3458 transp.
631 3391 709 3440 Voss.
729 3397 753 3444 2.

299 3463 325 3529 α)
345 3480 368 3512 v.
386 3459 617 3530 iucipiunt'abest
634 3474 649 3508 a
666 3459 685 3507 F
688 3454 786 3509 reinsh.
804 3463 900 3506 contra
917 3466 987 3526 opit.
1009 3453 1105 3518 Codd„

1013 581 1071 638 o'ca
1089 581 1224 642 cultiore
1308 569 1310 598 ³
