2686 3876
199 372 235 430 m
568 369 601 438 Q.
621 367 738 423 cunnu
755 369 833 422 aues

202 519 265 593 siti,
286 518 418 581 arbores
446 539 486 580 ue
499 525 666 601 procerae,
687 537 821 600 quarum
842 517 965 600 stipites
986 517 1108 580 hedera
1129 531 1204 580 con·

172 609 337 666 ¹§texerat
366 539 442 659 Sed
462 599 650 661 Macedonas
671 598 719 658 ira
740 598 864 678 longius
888 599 1067 684 provenite,
1082 599 1137 684 qui
1160 619 1203 681 pe

202 680 305 740 media
326 679 397 740 sere
418 692 513 741 nocte
528 679 705 751 redierunt,
717 677 826 740 multis
841 678 1032 753 interfectis,
1054 621 1202 762 pluridus

198 760 518 844 captis„equosque
550 762 582 820 Μ
614 771 647 820 et
674 760 785 821 DCCC
813 757 964 854 abegere.
1007 759 1203 822 Ceciderunt

198 853 304 900 autem
329 840 538 902 Macedonum
560 839 685 923 equites
705 839 785 918 Lx,
806 839 934 921 pedites
956 838 981 900 C
1002 839 1092 920 iere,
1113 840 1202 902 mille

203 921 300 980 saucii
320 920 460 986 fuerunt.

162 995 202 1059 38
282 1003 370 1062 Haec
392 999 553 1082 expeditio
575 995 776 1060 deficientem
790 1021 902 1083 magna
922 1020 962 1062 ex
977 1011 1070 1081 parte
1091 999 1200 1062 Asiam

197 1079 367 1148 famatam
392 1092 593 1162 opportunae
609 1077 770 1142 'victoriae
792 1081 923 1144 domuit.
964 1080 1099 1142 invictos
1123 1079 1210 1161 Scy-¹

136 1181 140 1188 ·
193 1160 264 1222 thas
287 1183 357 1222 esse
384 1160 604 1233 crediderant3
643 1159 757 1242 quibus
786 1159 896 1222 fractis
924 1161 1043 1221 nullam
1069 1172 1198 1245 gentem
1224 1181 1227 1188 ·

194 1243 405 1304 Macedonum
433 1239 526 1300 armis
558 1259 668 1320 parem
696 1237 768 1302 fore
794 1239 1036 1306 confitebantur.
1084 1243 1196 1338 Itaque
1225 1247 1228 1250 ’

194 1321 293 1390 Sacae
313 1321 429 1382 misere
452 1321 593 1403 legatos,
619 1319 675 1402 qui
704 1321 953 1401 pollicerentur,
980 1318 1108 1402 gentem
1138 1324 1196 1384 im-

158 1409 303 1484 ¹⁶perata
324 1399 490 1464 facturam.
529 1401 676 1461 Moverat
700 1421 756 1462 eos
784 1401 869 1484 legis
889 1423 952 1464 non
974 1403 1073 1463 virtus
1095 1403 1195 1486 magia

194 1503 289 1564 quam
311 1481 531 1542 clementiain
552 1479 694 1542 devictos
719 1481 869 1562 Scythas:
908 1482 1027 1566 quippe
1049 1483 1194 1564 captivos
1266 1518 1270 1528 ·

194 1581 303 1622 omnes
331 1561 399 1621 sine
426 1561 535 1640 pretio
564 1561 747 1636 remiserat,
782 1573 823 1622 ut¹
845 1560 941 1623 fidem
963 1562 1105 1639 faceret,
1134 1563 1194 1625 sibi

187 1660 266 1701 eum
286 1639 492 1702 ferocissimis
514 1641 656 1724 gentium
679 1642 719 1704 dc
741 1641 949 1717 fortitudine,
980 1664 1045 1704 non
1073 1643 1194 1721 deira,

160 1721 292 1782 astitisse
313 1733 500 1784 certamen„
524 1722 667 1804 Benigne
689 1723 786 1806 igitur
813 1723 954 1805 exeeptis
973 1722 1126 1784 Sacarum
1146 1725 1193 1784 le·

131 1837 134 1841 ·
171 1803 284 1882 ‘gatis
308 1801 457 1863 comitem
478 1803 655 1884 Excipinon
684 1803 789 1880 dedit,
820 1803 923 1865 adhuc
952 1802 1124 1864 admodum
1144 1803 1192 1864 iu·

192 1903 304 1944 venem
329 1882 441 1944 aetatis
462 1883 545 1946 ssore
567 1885 768 1946 conciliatum
792 1883 867 1958 sibi,
904 1885 959 1968 qui
983 1903 1055 1945 eum
1080 1885 1190 1965 speeie

190 1964 337 2046 eorporis
360 1977 513 2046 aequaret
533 1965 819 2047 Hephaestionem,
841 1965 871 2025 ei
883 1964 997 2046 lepore
1013 1962 1099 2024 haud
1115 1983 1189 2025 sane

155 2045 274 2106 avviriti
290 2064 350 2138 par
370 2066 433 2104 non
454 2057 533 2108 erat.
574 2048 657 2126 Ipse,
680 2045 814 2106 Cratero
844 2064 918 2105 cum
944 2043 1189 2124 maioraparte

163 2160 169 2166 -
189 2139 349 2185 exercltus
367 2125 500 2186 modicis
524 2125 695 2186 itineribus·
712 2125 804 2205 sequi
824 2124 922 2202 iusso,
943 2125 983 2184 ad
1002 2124 1188 2186 Maracanda

187 2203 301 2263 urbem
325 2205 490 2283 pervenit,
520 2225 559 2265 ex
587 2226 650 2286 qua
673 2203 889 2286 Spitamenes,
919 2213 1092 2286 comperto*
1118 2205 1187 2266 eius

152 2281 340 2358 ²¹advcntu,
354 2285 471 2345 Bactra
493 2283 690 2366 perfugerat.
713 2284 825 2366 ltaque
846 2284 1015 2368 quatriduo
1039 2303 1099 2344 rex
1118 2283 1187 2346 lon·

186 2383 261 2444 gum
285 2362 406 2422 itineris
427 2365 562 2445 spatium
582 2384 740 2440 emensus,
770 2377 965 2446 pervenerat
991 2365 1023 2424 iu
1045 2383 1118 2424 eum
1136 2365 1185 2427 io,-

185 2461 276 2516 cum,
304 2441 336 2502 in
357 2463 432 2525 quo,
463 2443 653 2506 Menedemo
675 2445 776 2522 duce,
810 2445 838 2504 11
866 2444 951 2504 milia
1003 2443 1124 2506 editum
1152 2457 1185 2506 et

45 2579 48 2586 i
184 2522 264 2584 CCC
287 2522 418 2606 equites·
434 2525 591 2584 amiserat.
637 2527 765 2586 Horum
798 2545 868 2585 ossa
897 2465 1021 2586 tumudo
1056 2525 1184 2608 contegi

145 2602 290 2680 ²²iussit,
316 2613 348 2664 et
378 2603 508 2667 inferias
537 2624 629 2666 more
656 2605 762 2687 patrio
790 2603 889 2666 dedit.
930 2605 995 2664 lam
1016 2605 1182 2678 cratem,

187 2709 379 2729 Μ

234 2776 275 2845 16)
295 2759 371 2832 Frsh.
395 2781 432 2832 in
456 2786 593 2830 castra
615 2774 755 2828 redierunt
793 2783 887 2832 contra
916 2785 985 2845 optt.
1020 2779 1107 2836 codd.
1134 2781 1180 2848 qui

183 2848 319 2898 omittunt.

236 2915 278 2982 17)
297 2931 348 2982 pro
367 2919 500 2986 imperata
516 2913 591 2964 Frsh.
611 2911 752 2968 mandata.

232 2983 273 3050 19)
293 2985 368 3036 Frsh.
387 2986 474 3034 omitt.
494 2983 585 3034 adhuc
603 2991 664 3033 ante
682 2980 835 3034 admodum·
869 3008 903 3022 -
940 2980 1011 3032 idem
1030 2984 1129 3035 omisso
1148 2987 1181 3034 ei

182 3047 258 3100 dedit
275 3051 366 3119 lepore
384 3051 461 3102 hored
477 3070 543 3102 scarae
560 3052 604 3102 itti
619 3067 673 3118 par
691 3059 769 3113 παις
791 3052 931 3118 Zumptius
957 3048 1044 3105 Codd.
1069 3061 1176 3103 secutus

181 3134 240 3168 eam
257 3121 404 3171 lectionem
422 3119 506 3184 dedit,
525 3121 627 3187 quami
649 3136 677 3170 se
691 3119 812 3170 Freinsh.
830 3120 910 3178 etiam
931 3119 1076 3184 probarat,·
1095 3137 1177 3171 unum

181 3187 208 3235 ei
225 3204 239 3236 e
258 3190 388 3257 particula
406 3198 441 3248 et,
460 3205 540 3253 quam
560 3138 647 3240 Codd.
673 3195 741 3255 optt.
760 3197 820 3240 ante
840 3187 931 3254 lepore
954 3186 1088 3249 inserunt,
1108 3186 1175 3238 hau·

180 3262 248 3304 stum
267 3255 301 3308 de
318 3257 389 3306 roni.
407 3254 541 3306 addidisse
562 3257 675 3308 videtur.

228 3320 273 3392 uso)
293 3331 361 3392 optt.
381 3322 468 3374 Codd.
489 3325 575 3374 omitt.
593 3323 724 3392 pervenit,
743 3331 771 3374 et
788 3338 839 3392 pro
858 3323 987 3389 cogtaito,
1006 3323 1080 3392 quod
1097 3323 1175 3384 Frsh,

180 3391 383 3454 dedit‚'deinde
403 3391 501 3441 habent
519 3405 665 3460 comperto,
1078 3408 1081 3414 ·

230 3465 277 3523 αι),
294 3461 370 3512 Voss.
391 3475 416 3508 2.
434 3467 534 3532 trunsp.
552 3462 664 3527 contegi
680 3459 790 3514 tumulo.
