2688 3872
464 409 509 462 ns
527 385 652 462 esstts
671 392 771 460 ster.
785 389 833 474 'x‚
854 425 893 460 η.
1119 393 1180 474 '153

185 554 463 625 bommiiitonum.
489 537 560 619 curn
575 553 640 617 'snb
659 559 787 616 noctem
807 535 1000 620 interfectos
1017 561 1086 621 es'se
1105 561 1181 646 cog'-

188 651 336 716 nossent,
358 649 395 698 ut
423 637 501 698 nihil
528 637 708 713 omiserint,
737 636 825 720 quod
855 637 968 720 singuli
987 641 1085 723 mags
1107 641 1184 703 obe.

188 720 315 781 dienter
337 731 370 778 et
390 717 444 798 pie
465 717 619 780 facerent.
655 717 734 776 Nam
758 737 829 777 cum
850 729 982 798 postero
1004 719 1055 780 die
1076 720 1184 802 probi·
1208 733 1222 780 t

64 783 69 806 ’
113 840 117 854 1
151 861 154 868 ,
186 801 247 862 biti
270 799 358 860 aditu
379 798 555 871 venissent,
577 797 719 858 Asiaticis
740 796 842 858 modo,
858 797 1008 862 militibus
1031 801 1182 874 admissis,

177 879 360 962 ¹lugubrem
385 879 596 940 totiscastris
620 877 751 940 edidere
777 877 967 954 clamorem,
1000 879 1183 944 denuntian-

188 973 249 1030 tes,
274 979 309 1052 se
328 959 475 1040 protinus
498 977 570 1021 esse
590 958 782 1036 morituros,
812 959 838 1018 si
867 978 926 1019 rex
958 974 1185 1040 perseveraret

188 1058 293 1099 irasci.
357 1059 359 1062 ·
403 1063 406 1069 ·
1161 1059 1164 1066 ⁴

269 1122 312 1180 At
327 1117 382 1178 itte
403 1119 582 1200 pervicacis
602 1118 771 1195 adomnia,
794 1138 876 1202 <prae
899 1116 1228 1202 agitasset,·animi,1o

143 1249 146 1256 ff
183 1199 442 1282 ,peregrinorum
462 1201 599 1260 militum
621 1200 807 1261 concionem
829 1199 979 1261 advocari
997 1199 1104 1276 iubet,
1123 1203 1201 1266 Ma·¹

190 1277 367 1352 sedenibus
389 1280 473 1340 intra
501 1293 603 1342 castra
632 1279 800 1341 cohibitis:
838 1292 871 1340 et
899 1299 970 1340 cum
998 1280 1050 1341 fre
1074 1285 1188 1342 u'entes

191 1357 357 1434 coissent,
381 1359 524 1422 adhibito
547 1362 724 1442 interprete
748 1359 1041 1422 talemoretionem
1053 1303 1188 1421 babuit:

84 1513 88 1520 p
116 1477 118 1482 ι
184 1439 273 1500 ·Cum
289 1441 490 1521 “eernropa
510 1442 691 1502 traiicerem
718 1441 751 1518 in
778 1441 903 1518 Asiam,
930 1441 1043 1502 multas
1064 1441 1189 1503 nobiles
1211 1459 1227 1504 7

191 1530 318 1600 gentes,
340 1541 484 1601 magnam
505 1523 569 1582 vim
591 1521 753 1581 hominum
778 1521 911 1602 imperio
933 1542 1006 1582 meo
1027 1543 1080 1582 me
1105 1521 1190 1582 addi·

174 1601 305 1664 turum.
325 1619 396 1661 esse
421 1599 600 1680 sperabam.
628 1603 712 1661 ‘Nec
742 1601 894 1682 deceptus
913 1623 1000 1678 sum,
1039 1603 1126 1686 quod
1149 1602 1227 1665 dee

190 1678 241 1756 his
263 1679 389 1742 credidi
410 1677 527 1744 famae.
568 1678 634 1739 Sed
663 1681 703 1740 ed
731 1681 785 1742 iila
805 1679 876 1741 boc
894 1702 1024 1764 quoque
1046 1684 1191 1759 accessit,

175 1759 281 1842 ,quod
306 1759 401 1822 video
424 1759 528 1820 fortes
552 1761 640 1823 viros
669 1781 745 1841 erga
771 1779 879 1844 reges,
898 1781 972 1822 suos
995 1761 1120 1843 pietatis
1146 1763 1192 1822 in-

192 1840 306 1902 victae.
353 1841 447 1901 Luxu
469 1841 572 1902 omnia
592 1837 703 1900 iluere.
718 1840 928 1916 credideram,
953 1852 986 1900 et
1005 1843 1100 1902 nimia
1120 1841 1192 1902 feli·
1212 1857 1229 1902 9

192 1919 289 1981 eitate
306 1921 411 2002 mergi
427 1921 459 1982 iu
482 1921 674 2000 voluptates.
708 1921 751 1983 At
771 1919 919 1980 hercules
940 1921 1045 1981 munia
1064 1921 1193 1982 militiae

113 2033 116 2039 s
186 1998 255 2062 'hoc
285 1999 464 2062 animorum
493 2020 733 2083 corporumque
764 1999 884 2060 robore
918 2010 1021 2082 aeque
1055 2002 1192 2084 impigre

192 2079 364 2164 toleratis,
389 2092 440 2152 et,
470 2100 542 2140 cum
563 2078 942 2156 i'ortes1viri'sitis,rnon
970 2079 1193 2144 fortitudinem

193 2159 294 2241 magis
316 2159 411 2244 quim
432 2159 528 2220 iidem
547 2160 661 2224 colitis.
703 2163 776 2222 Hoc
792 2179 852 2242 ego
866 2181 949 2221 nuno
963 2161 1099 2242 primum
1116 2181 1229 2244 pro-ro

194 2231 318 2316 iiteor„
339 2241 395 2301 sed
424 2242 499 2302 olim
529 2242 608 2305 scio·
661 2243 770 2324 Itaque
800 2251 833 2301 et
860 2241 1020 2302 delectum
1050 2263 1068 2303 e
1102 2242 1192 2305 vobis

188 2319 363 2385 iuniorum.
377 2321 491 2397 habui,
519 2334 552 2383 et
578 2342 636 2384 vos
657 2343 810 2382 meorum¹
830 2321 963 2382 militum
985 2323 1115 2404 corpori
1135 2325 1193 2384 im·

188 2401 317 2468 miscui.
361 2403 448 2464 Idem
470 2401 608 2479 babitus,
630 2405 741 2466 cadem
763 2424 848 2464 arma
869 2415 941 2462 sunt
964 2403 1080 2483 vobis,
1100 2405 1193 2466 obse-

189 2481 304 2561 quium
333 2503 412 2544 vero
449 2495 482 2544 et
514 2483 670 2565 patientia·
692 2483 817 2564 imperii
852 2483 946 2563 longe
979 2484 1193 2562 praestantior

195 2571 255 2628 est,
280 2583 375 2641 quarn
397 2564 523 2623 ceteris.
561 2566 655 2642 Ergo
682 2565 750 2644 ipse
780 2562 927 2640 Oxyartis
957 2565 1077 2623 Persae
1098 2561 1230 2625 filiamtt

127 2642 132 2650 “
195 2657 322 2697 mecum
335 2641 366 2698 in
381 2643 582 2702 matrimonio
597 2641 693 2715 iunxi,
713 2663 776 2701 non
798 2641 984 2721 dedignatus
1006 2663 1045 2701 ex
1068 2643 1192 2722 captiva

195 2715 319 2777 liberos
341 2717 469 2779 tollere.
499 2722 573 2780 Mox
595 2710 709 2778 de'inde
731 2739 802 2778 cum
824 2720 957 2800 stirpem
981 2723 1105 2802 generis
1129 2721 1229 2782 meite

166 2827 168 2834 ⁴
194 2797 288 2876 latius
306 2817 486 2880 propagare
509 2818 679 2878 euperem,
712 2819 846 2860 uxorem
871 2801 962 2860 Darii
991 2800 1085 2862 filiam
1107 2801 1192 2877 duxi,

196 2877 416 2959 proximisque
435 2878 619 2952 amicorum
649 2890 762 2940 auctor
789 2878 837 2940 tui
864 2900 903 2939 ex
936 2883 1068 2962 captivis
1097 2903 1193 2964 gene-

199 2956 291 3018 randi
315 2957 452 3022 liberos:
483 2973 518 3019 ut
544 2959 606 3020 hoc
634 2979 724 3019 sacro
751 2958 887 3020 foedere
911 2981 1004 3022 omne
1025 2963 1194 3024 discrimen

200 3121 386 3136 mund

267 3250 363 3317 d)'pro
383 3239 550 3314 cogitosscnt
565 3247 639 3298 Fran.
658 3258 751 3299 contra
769 3239 856 3302 Cndd‘.
884 3254 951 3303 maie
970 3261 1092 3306 nossent,
1162 3303 1173 3316 ‹.

268 3320 301 3382 5)
323 3327 391 3386 opit.
414 3317 502 3372 codd.
526 3319 649 3384 ignorant
667 3335 695 3366 sc
714 3327 775 3370 :inte
791 3322 944 3390 protinus,·
978 3321 1033 3370 Pal.
1057 3337 1077 3374 r.
1102 3337 1195 3388 perse-

194 3397 394 3525 'verdigtbpth
413 3455 501 3510 codd.
521 3453 665 3516 deiectum
684 3457 717 3510 ci.
737 3459 834 3508 Noitcn
853 3459 918 3508 Lex.
936 3456 1025 3510 Antib.
1049 3475 1077 3526 p,
1097 3455 1176 3524 49.

254 3523 294 3590 ιι)
314 3524 391 3576 Voss.
411 3542 434 3580 2.
456 3525 542 3577 omitt.
562 3526 671 3575 inante
691 3527 844 3575 matrr'mon.
1082 3527 1085 3534 '
