2686 3876
405 375 449 427 oe
468 368 592 426 ocsus
610 375 713 426 auen.
733 375 810 440 vat,
831 380 871 444 ³9·
1117 383 1152 437 oa

290 519 392 583 'Hinc
414 521 630 603 Polypercon,
651 522 691 584 ad
712 521 824 583 urbem
838 525 957 586 Noram
973 541 1044 584 cum
1061 536 1192 602 exer-39

152 593 196 634 ¹¹·
230 601 297 661 citu
317 602 443 677 missus,
462 601 638 664 inconditos
660 603 835 683 oppidanos
850 603 977 739 proelio
997 603 1087 662 vi'cit:
1106 603 1152 662 in·

152 691 203 739 tra
223 680 415 740 munimenta
437 682 618 760 compulsos
639 694 787 748 secutus,
809 702 922 742 turrem
945 683 976 742 in
998 681 1151 744 ditionem

152 759 288 841 redegit.
328 761 427 836 Multa
448 759 598 841 ignobilia
620 761 737 841 oppida
759 761 885 820 deserta
908 783 925 820 a
947 760 1010 821 suis
1031 779 1151 822 venere
1175 773 1189 819 t

151 839 183 898 in
204 839 289 932 regis
309 851 512 920 potestatem.
558 840 705 918 Quorum
733 839 856 900 incolae
885 839 996 899 armati
1051 851 1150 901 atram

152 919 273 978 Aornin
295 918 421 978 nomine
443 925 693 1000 occupaverunt.
734 921 824 978 Hanc
852 918 891 978 ab
922 860 1064 978 Hercule
1085 919 1151 978 tru-

128 1002 217 1056 'stra
242 997 404 1058 obsessam
426 1017 507 1071 esse,
529 1011 700 1080 terraeque
717 1010 804 1057 motu
826 1008 970 1056 coactum
987 995 1151 1074 absistere,

150 1075 236 1135 sama
264 1078 459 1158 vulgaverat.
504 1078 634 1156 Inopem
665 1077 786 1137 consilii
815 1076 1046 1148 Alexandrum,
1076 1078 1189 1160 quiae

151 1154 293 1236 undiquc
314 1175 470 1237 praeceps
498 1167 532 1216 et
561 1155 639 1216 abru
667 1169 695 1216 ta
724 1176 821 1238 rupes
843 1167 928 1226 arat,
959 1153 1065 1215 senior
1084 1156 1151 1236 qui·

152 1233 222 1294 dam
244 1235 366 1315 peritus
380 1235 527 1294 locorum
542 1254 613 1294 cum
627 1177 751 1296 dliobus
775 1235 846 1296 liliis
869 1235 943 1310 adit,
964 1235 990 1294 si
1011 1235 1150 1313 pretium

151 1313 243 1394 operi
265 1325 359 1388 esset,
383 1314 500 1374 aditum
522 1334 556 1374 sc
576 1327 824 1375 monstraturum
854 1333 923 1374 esse
951 1311 1148 1395 promittens.

149 1395 267 1453 LXXX
286 1393 404 1453 talenta
426 1393 588 1460 constituit
609 1391 756 1456 daturum
774 1392 969 1470 Alexander5
993 1403 1026 1453 ct
1049 1393 1150 1456 altero
1173 1407 1188 1452 t

151 1479 189 1533 ex
209 1472 374 1532 iuvenibus
390 1472 500 1532 obside
515 1482 640 1534 retento
657 1473 759 1555 ipsum
776 1475 814 1534 ad
830 1472 1042 1555 exsequenda,
1091 1493 1149 1534 uae

151 1552 322 1621 obtulerat,
344 1551 468 1611 dimisit.
495 1552 627 1612 Leviter
648 1555 774 1613 armatis
800 1553 862 1612 dux
886 1552 977 1612 datus
999 1562 1049 1611 est
1102 1553 1149 1612 ul·
1174 1569 1188 1616 5

149 1631 246 1700 linus,
272 1630 375 1692 scriba
395 1631 492 1710 regis.
534 1633 603 1690 Hos
634 1634 716 1692 enim
746 1633 882 1694 circuitu
940 1631 972 1690 ui
1000 1631 1150 1692 fallerent

148 1710 275 1773 hostem
302 1711 334 1770 in
363 1717 518 1768 summum
547 1707 655 1801 iugum
683 1708 829 1792 placebat
860 1651 998 1770 evadere
1053 1711 1149 1772 Petra
1172 1726 1187 1770 o

148 1797 221 1866 non,
242 1800 277 1848 ut
297 1791 484 1870 pleraeque,
505 1788 636 1848 modicis
658 1809 694 1850 ac
716 1789 865 1850 mollibus
887 1787 976 1846 clivis
998 1788 1029 1846 in
1051 1790 1148 1849 subli-

148 1883 200 1930 me
224 1867 384 1950 fastigium
413 1867 546 1942 crescit,
580 1866 637 1926 sed
666 1868 698 1926 in
725 1878 828 1928 metae
857 1865 990 1924 maxime
1019 1867 1148 1928 modum

149 1961 259 2009 erecta
281 1959 339 2022 est,
362 1945 450 2006 cuius
471 1941 532 2003 ima
554 1943 741 2024 spatiosiora
763 1957 845 2014 sunt,
867 1944 976 2003 altiora
997 1942 1028 2004 in
1051 1947 1148 2004 artius

148 2031 284 2102 cadunt,
304 2045 424 2086 summa
445 2025 476 2085 in
504 2035 630 2084 acutum
645 2043 803 2085 ’cacumen
830 2034 1013 2100 exsurgunt.
1054 2023 1148 2084 Radi-
1173 2038 1187 2082 7

148 2127 201 2168 ces
223 2104 406 2180 eius'lndus
433 2102 529 2163 amnis
553 2103 647 2180 subit,
668 2104 848 2184 praealtus,
876 2101 1036 2184 utrimque
1058 2122 1147 2185 aspc-

146 2186 189 2246 ris
210 2186 303 2264 ripis:
341 2183 379 2242 ab
402 2183 502 2243 altera
530 2193 621 2264 parte
653 2181 817 2263 voragines
849 2181 1034 2263 eluviesque
1056 2189 1133 2264 prae

146 2275 260 2345 ruptae
283 2276 364 2322 sunt.
407 2264 474 2323 Nec
496 2263 555 2322 alia
577 2261 777 2345 expugnandi
796 2259 926 2342 patebat
955 2263 1021 2339 via,
1051 2283 1145 2345 quam

144 2355 181 2404 ut
213 2342 428 2436 replerentur.
481 2341 532 2402 Ad
553 2363 677 2401 manum
699 2341 778 2400 silva
799 2353 883 2416 crat,
906 2363 999 2424 quam
1022 2363 1081 2404 rex
1097 2343 1181 2413 ,ilat

147 2422 236 2483 caedi
257 2421 363 2492 tussit,
388 2432 424 2480 ut
444 2421 521 2480 nudi
543 2421 665 2500 stipites
693 2422 889 2480 iacerentur:
919 2420 1037 2502 quippe
1056 2421 1145 2482 rami

85 2514 87 2522 ’
144 2499 262 2562 fronde
286 2499 391 2560 vestiti
410 2499 616 2592 impedissent
636 2499 787 2560 ferentes·
822 2501 895 2579 Ipse
916 2499 1035 2592 primus
1056 2512 1143 2560 trun·

146 2589 214 2640 cam
235 2579 384 2640 arborem
405 2579 479 2638 iecit
491 2599 501 2654 ;
523 2579 706 2662 clamorque
728 2577 897 2654 exercitus,
918 2577 1012 2638 index
1033 2578 1142 2638 alacri·

144 2659 228 2732 tatis,
250 2667 377 2717 secutus
401 2668 462 2736 est,
482 2657 570 2718 nullo
592 2657 793 2718 detrectante
814 2673 946 2731 munus,
973 2655 1059 2738 quod
1085 2675 1143 2716 rex

146 2735 377 2816 occupavisset.
406 2771 410 2775 -

175 2888 348 2903 -n-nffl

214 3027 240 3082 tl
262 3023 339 3087 vulgo
359 3019 389 3067 in
407 3016 632 3070 dedt‘tz'onem
651 3015 758 3086 redegit
763 3035 773 3079 ,·
792 3017 826 3068 ci·
846 3013 948 3066 Duker.
965 3022 991 3066 et
1003 3014 1139 3069 Drakenb.

144 3090 177 3142 ad
196 3090 251 3141 Liv.
271 3089 372 3150 XXVI,
391 3103 433 3149 21,
457 3093 496 3151 17.

147 3173 152 3196 ²
212 3163 240 3217 a]
260 3159 290 3208 P.
308 3163 420 3222 transp.r
431 3151 461 3202 in
478 3151 554 3220 regis
569 3167 678 3203 venere.

193 3225 239 3285 «3)
260 3227 294 3278 al.
312 3234 384 3292 pret.
409 3239 524 3289 ‹iper-am
543 3223 578 3272 cl.
598 3224 706 3274 Nolten.
735 3219 799 3271 Lex.
823 3216 913 3268 Antib.
934 3233 962 3285 p.
984 3217 1058 3272 1080-
1084 3235 1139 3284 seq.

211 3293 240 3349 5]
259 3294 316 3342 Pal.
340 3297 362 3346 1.
381 3288 458 3340 Voss.
478 3305 512 3349 a„
525 3291 562 3338 in
579 3289 707 3339 circuito.

213 3363 240 3422 7l
260 3357 336 3410 Mod.
355 3358 389 3408 al.
407 3355 584 3426 proettltr's-et
603 3357 720 3424 asparis.

210 3425 239 3491 8)
261 3435 330 3496 optt.
350 3425 437 3481 Codd.
459 3425 681 3478 intercurritur
701 3429 726 3474 et
744 3420 828 3473 index
847 3421 966 3471 inserunt
984 3435 1019 3468 se.

873 3509 922 3571 7.
