2686 3876
209 409 244 472 aa
499 419 502 428 ·
577 395 611 457 Q.
630 381 746 446 curru
767 393 844 444 eurr

209 550 289 628 extis
312 545 512 632 cognoveris,
531 564 572 604 ne
593 543 694 624 possis
717 531 844 606 infitiari
866 542 998 614 dixisse,
1020 558 1101 622 quae
1119 537 1209 599 dixe-

171 633 262 704 rssris.
296 630 352 690 Ille
375 625 541 708 exsanguis
563 625 763 706 attonitoque
785 625 894 684 similis
915 624 1036 698 stabat,
1066 639 1128 700 per
1147 639 1215 679 me·

208 725 277 772 tum
307 709 402 769 etiam
430 727 512 772 voce
541 720 732 786 suppressa:
768 704 961 788 tandemque
984 699 1099 767 eodem
1124 710 1213 759 metu

208 791 397 862 stimulante,
422 807 461 848 ne
485 786 570 866 regis
592 785 862 866 exspectationem
882 797 1073 862 moraretur,
1094 785 1213 866 Magni,

207 872 326 955 iuquit,
348 867 480 943 laboris,
501 870 569 926 nou'
585 865 686 940 irriti„
719 865 889 926 discrimen
911 867 1028 927 instare
1049 865 1212 948 praedixit

175 973 270 1038 „7neo
291 971 342 1010 me
363 971 413 1010 ars
441 969 511 1008 mea
541 967 634 1029 quam
663 945 877 1008 benivolentia
902 947 1083 1028 perturbat.
1123 945 1212 1006 lulir·

176 1017 189 1035 ⁶
208 1033 348 1093 mitatem
371 1027 558 1090 valetudinis
583 1038 657 1086 tuae
678 1027 786 1104 video,
809 1021 842 1088 et
863 1039 1015 1112 quantum
1038 1028 1068 1086 in
1090 1047 1154 1087 uno
1175 1039 1210 1088 te

207 1114 247 1180 sit
268 1112 345 1174 scio.
380 1112 517 1182 Vereor,
544 1127 581 1166 ue
603 1109 763 1187 praesenti
785 1108 935 1170 fortunae
956 1119 1029 1172 tuae
1054 1107 1210 1170 sufficere

82 1225 84 1230 v
173 1189 269 1281 ,3n0n
290 1192 402 1273 possis.
426 1191 510 1248 ‘Rex
531 1186 650 1246 iussum
673 1185 835 1248 conlidere
856 1188 1000 1248 felicitati
1016 1209 1091 1248 suae
1114 1190 1210 1249 remi·

171 1275 256 1360 29sit.
299 1271 365 1331 Sibi
387 1269 470 1330 enim
491 1268 531 1328 ad
554 1267 611 1327 alia
633 1269 767 1348 gloriam
788 1268 969 1329 concedere
992 1268 1079 1333 deos.
1127 1273 1209 1330 Con-

192 1352 337 1416 ¹sultanti
358 1351 433 1410 inde
457 1368 528 1408 eum
553 1347 684 1423 iisdem,
706 1369 843 1432 quonam
864 1348 960 1410 modo
985 1345 1102 1409 flumen
1123 1361 1209 1410 tran-

207 1435 317 1509 sirent,
341 1429 528 1512 supervenit
555 1428 754 1505 Aristander,
782 1449 847 1489 non
875 1428 948 1488 alias
976 1429 1107 1491 laetiora
1136 1441 1207 1490 exta

206 1513 330 1575 vidisse
350 1508 584 1582 seaflirmans,
613 1510 723 1592 utique
752 1508 916 1590 prioribus
946 1508 1041 1590 louge
1063 1510 1206 1588 diversa3

206 1606 274 1654 tum
308 1589 527 1652 sollicitudinis
562 1610 687 1650 caussas
725 1589 925 1672 apparuisse,
961 1608 1043 1648 nuoc
1072 1611 1206 1672 prorsus

208 1693 286 1756 egre
309 1671 339 1733 ie
360 1671 484 1730 litatum
506 1691 585 1734 esse.

167 1753 206 1831 '32
287 1692 437 1814 fetorum
464 1771 546 1834 quae
574 1749 707 1810 subinde
740 1750 878 1810 nuntiata
899 1765 971 1813 sunt
991 1753 1078 1835 regi,
1107 1753 1206 1814 conti-

172 1855 288 1903 asnuae
320 1831 467 1894 felicitati
493 1851 603 1892 rerum
631 1831 700 1892 eius
731 1831 947 1911 imposuerant
975 1834 1089 1898 labem.
1139 1836 1205 1894 Me-

205 1915 393 1990 nedemum,
419 1924 455 1972 ut
482 1927 577 1994 supra
606 1912 815 1987 dictumest,
845 1913 973 1976 miserat
999 1915 1038 1976 ad
1059 1915 1205 1977 obsiden-

205 1997 279 2057 dum
308 1995 540 2078 Spitamenem,
577 1994 762 2052 Bactrianae
800 1992 991 2056 defectionis
1030 2001 1203 2058 auctorem.

205 2077 282 2160 Qui,
304 2085 472 2155 comperto
490 2071 589 2133 bostis
605 2074 753 2146 adventu,
774 2092 813 2131 ne
834 2075 932 2134 muris
954 2074 1041 2136 urbis
1062 2077 1202 2140 include-

205 2169 306 2232 retur,
327 2152 418 2215 simul
439 2151 545 2226 fretus
568 2153 673 2234 excipi
693 2172 807 2235 posse,
838 2175 900 2235 qua
928 2167 1099 2220 venturum
1125 2159 1202 2220 scie·

210 2285 400 2299 —--—-

206 2323 322 2375 Theocr.
340 2341 422 2396 quarm
439 2327 523 2376 citius
539 2335 626 2395 potes.
644 2325 766 2389 —Bong.
787 2324 865 2375 Voss.
887 2339 909 2381 ι,
929 2327 991 2396 tirsi,
1010 2329 1081 2396 quod
1102 2333 1201 2400 Zump-

205 2394 257 2443 tius
292 2394 524 2448 Freinshemianae
556 2396 615 2463 ipse
649 2409 702 2442 non
729 2394 862 2444 immerito
893 2399 1052 2462 praetulisse
1087 2399 1201 2466 ridetur,

206 2477 367 2579 qualmquam
381 2463 452 2515 hene
470 2463 579 2514 delendi
596 2463 680 2532 possit
700 2464 766 2530 ipse
796 2489 829 2500 —
859 2462 935 2514 Frsh.
964 2483 1004 2514 ex
1022 2469 1105 2534 extis,
1124 2469 1200 2525 Voss.

204 2546 230 2582 2·
275 2547 297 2580 θ.

252 2598 297 2668 26)
318 2617 388 2670 prae
405 2611 477 2652 metu
493 2601 551 2656 Pal.
571 2618 590 2653 ι.
609 2627 641 2636 -
660 2601 687 2650 in
707 2617 745 2652 vv.
766 2616 815 2649 neo
832 2617 871 2650 me
887 2617 944 2650 mea
963 2618 1011 2650 ars
1029 2603 1138 2672 Zumpt.
1156 2622 1199 2656 se·

205 2676 281 2720 cutus
299 2678 338 2722 est
356 2671 412 2721 Pal.
433 2677 456 2725 1.
472 2667 548 2737 -Etz.;
574 2685 623 2720 nee
648 2686 687 2717 me
710 2685 758 2717 ars
783 2685 840 2718 mea
862 2671 946 2719 Amst.
975 2669 1081 2736 Lugd.;
1110 2675 1151 2724 Fl.
1169 2675 1199 2724 P.

203 2734 278 2792 Mod.
297 2741 331 2794 al,
356 2755 405 2789 nec
428 2755 468 2788 me
493 2756 543 2789 ars
568 2755 645 2799 mea,
668 2738 747 2787 Voss.
775 2743 798 2792 1.
823 2737 898 2788 Leid.
924 2754 972 2788 nec
996 2755 1053 2788 meu
1078 2758 1127 2791 ars
1145 2737 1199 2805 aas,

204 2804 284 2854 Voss.
302 2823 326 2861 α,
346 2808 378 2860 F.
400 2825 448 2858 nec
466 2818 521 2857 tum
537 2825 594 2858 mea
612 2825 660 2857 urs
678 2805 794 2856 Theocr.
814 2823 862 2856 nec
882 2824 939 2857 meu
960 2823 1006 2858 urs
1026 2820 1079 2858 tam
1098 2828 1178 2880 quam
1188 2830 1199 2873 ,-

203 2870 282 2923 Frsb.
298 2891 347 2926 racc
365 2891 422 2927 meu
441 2890 500 2939 mn,
518 2893 600 2946 quam
619 2875 803 2926 benevolentia
823 2871 878 2942 (ΕΙ.
897 2875 976 2930 Voss.
1003 2893 1024 2933 ι.
1044 2877 1197 2930 benivolen-

205 2939 254 3008 tia)
272 2957 313 2992 me
351 2945 496 3006 erturbot,·
515 2948 596 3012 Bong.
619 2954 646 2996 et
663 2945 740 3010 vulgo
757 2961 805 2994 ma
810 2945 867 3012 gis
883 2945 1009 3015 perturb.

253 3014 284 3064 27
339 3011 391 3062 rslr.
412 3031 474 3064 cum
492 3016 561 3081 vulg.
581 3014 659 3083 ponit
680 3030 739 3063 voc.
759 3031 816 3062 ιιοη
833 3023 895 3082 post
913 3033 953 3064 aze.
1035 3051 1038 3056 -

189 3109 193 3115 ·
253 3082 286 3132 28
318 3097 356 3132 vv.
378 3079 431 3130 sibi
446 3082 513 3130 enim
532 3093 592 3146 etc,
613 3099 677 3150 quas
697 3082 775 3131 etiam
798 3083 883 3148 vulgg.
903 3092 930 3133 et
949 3083 1068 3134 Freinsb.
1089 3083 1197 3146 babent,

203 3153 264 3195 sunt
284 3147 316 3197 tle
335 3150 415 3212 conl,
434 3141 522 3199 Codd.
542 3167 607 3201 strue
624 3133 663 3200 ali
691 3150 745 3198 ub'o
771 3149 823 3200 silu'
849 3149 887 3200 ud
902 3152 1017 3216 glorium
1035 3153 1197 3215 concedere,

203 3216 231 3266 in
248 3215 389 3271 antecedd,
408 3233 424 3264 o
446 3225 475 3266 tt.
496 3217 583 3268 Codd.
602 3226 628 3270 et
647 3216 714 3267 Edu.
736 3219 822 3272 omitt.
845 3221 948 3270 remisit
967 3219 1021 3270 sibi
1036 3222 1113 3271 rru'm.

256 3289 300 3349 ¹29)
318 3301 369 3353 pro
386 3233 447 3334 ind:
463 3287 483 3334 F
486 3284 538 3334 rsh.
559 3285 666 3350 deiude,
685 3285 773 3338 Codd.
791 3288 863 3339 mibi.
878 3317 911 3330 -
931 3289 988 3338 Pal.
1011 3295 1033 3345 l.
1050 3289 1082 3342 D.
1102 3304 1195 3342 traus-

204 3351 265 3400 t'ret.
283 3380 317 3391 -
349 3355 426 3419 vulgo
448 3355 590 3422 operuisse
608 3373 639 3406 ex
658 3357 735 3403 Voss.
753 3368 778 3404 a.

222 3439 225 3445 ·
252 3417 296 3482 30)
315 3423 383 3472 Voss
413 3439 427 3472 ἰ
456 3431 547 3488 transp
578 3422 692 3472 subinde
709 3439 789 3490 quaa
1097 3459 1099 3462 -

253 3493 298 3554 31)
320 3492 358 3539 Fl.
377 3491 452 3542 Leld.
473 3491 550 3543 Voss.
573 3509 593 3542 t.
614 3492 687 3557 Mod.
707 3493 760 3543 Eln.
783 3493 825 3542 alii
845 3507 939 3560 quem
957 3505 1067 3549 ventur.
