2688 3872
219 397 264 447 132
573 390 606 456 Q.
626 389 741 442 CUllTll
755 390 836 444 autu

180 557 196 600 s
216 551 342 620 pugnat.
365 537 508 599 Puberes
528 535 690 600 interfecti
711 550 791 613 sunt,
816 539 917 600 ceteri
937 541 1114 604 venierunt.
1148 541 1204 602 Al·

216 631 315 680 teram
340 618 453 680 deinde
473 619 585 679 urbem
609 639 788 699 expugnare
810 619 949 694 adortus,
969 641 1145 704 magnaque
1169 622 1203 684 vi

217 698 453 760 defendentium
473 699 601 779 pulsus,
622 699 737 759 multos
757 699 963 761 Macedonum
985 701 1095 761 amisit.
1139 699 1204 765 Sed

217 800 286 840 cum
313 779 344 838 in
372 777 534 841 obsidione
561 792 814 860 perseverasset,
843 780 1011 860 oppidani,
1035 781 1204 860 desperata

216 861 326 930 salute,
351 860 453 941 ignem
476 859 642 919 subiecere
663 859 775 926 tectis,
806 881 840 920 se
873 881 1003 944 quoque
1029 881 1064 920 ac
1086 860 1204 924 liberos

182 956 196 998 7
218 943 431 1022 coniugesque
452 939 596 999 incendio
621 949 769 1002 cremant.
814 939 911 1010 Quod
934 960 1005 1000 cum
1030 939 1090 1021 ipsi
1111 962 1205 1023 auge.-

217 1031 304 1094 rent,
326 1020 433 1080 hostes
462 1019 712 1100 exstinguerent,
751 1041 833 1080 nova
853 1019 955 1080 l'orma
975 1039 1100 1101 pugnae
1126 1034 1205 1086 erat.

217 1103 374 1162 Delebant
398 1100 519 1160 incolae
551 1099 680 1175 urbcm3
715 1098 822 1159 hostes
852 1099 1084 1162 defendebant:
1124 1101 1205 1161 adeo

182 1183 311 1242 tetiam
333 1193 462 1240 naturae
482 1179 551 1239 iura
573 1179 691 1239 bellum
718 1179 749 1238 in
776 1180 967 1241 contrarium
988 1192 1100 1240 mutat.
1138 1183 1212 1242 Arx·

201 1271 286 1323 ‘erat
306 1261 415 1342 oppidi
434 1259 557 1328 intacta,
579 1259 610 1318 in
627 1280 688 1340 qua
701 1259 893 1339 praesidium
914 1258 1103 1342 dereliquit:
1136 1261 1205 1343 ipse

216 1342 341 1422 navigio
367 1340 597 1401 circumvectus
619 1351 676 1418 est,
689 1359 805 1399 arcem.

180 1433 216 1496 15
296 1421 424 1512 Quippe
460 1421 502 1479 lll
535 1417 661 1479 llumina
685 1431 753 1481 tota
786 1419 870 1479 lndia
901 1430 1028 1500 praeter
1061 1419 1204 1501 Gangem

217 1501 347 1562 maxima
368 1499 557 1575 munimento
584 1498 664 1558 arcis
694 1499 850 1579 applicant
874 1499 982 1559 undas.
1023 1499 1204 1580 ASepten-

185 1585 189 1597 “
217 1583 321 1642 trione
341 1580 434 1640 Indus
456 1580 559 1652 alluit,
586 1600 603 1638 a
628 1579 761 1639 Meridie
783 1581 933 1640 Acesines
963 1579 1104 1660 Hydaspi
1131 1599 1203 1640 con-

182 1661 368 1722 sfunditur.
410 1662 560 1720 Ceterum
586 1659 719 1718 amnium
757 1671 868 1720 coetus
900 1659 1060 1719 maritimis
1087 1660 1203 1719 similes

217 1739 330 1802 llu'ctus
349 1751 472 1818 movet3
494 1741 657 1822 multoque
679 1759 714 1798 ac
734 1739 864 1800 turbido
885 1739 976 1816 limo,
998 1738 1087 1820 quod
1109 1760 1204 1822 aqua-

175 1875 176 1887 ,
217 1841 287 1882 rum
308 1835 464 1882 concursu
484 1819 614 1880 subinde
635 1819 791 1886 turbatur,
813 1820 884 1895 iter,
909 1839 970 1902 qua
990 1830 1094 1882 meant
1116 1821 1202 1880 navi-

186 1915 215 1952 ¹⁰
231 1904 284 1972 ¹ia,
313 1903 344 1962 in
377 1913 505 1962 tenuem
534 1899 655 1962 alveum
687 1899 821 1981 cogitur.
863 1901 972 1982 ltaque
998 1918 1069 1958 cum
1098 1899 1205 1960 crebri

218 1923 332 2046 ductus
353 2003 386 2043 se
407 1980 608 2052 inveherent,
636 1991 669 2040 et
697 1979 821 2039 navium
841 1979 912 2040 hinc
933 1999 1044 2060 proras
1064 1978 1136 2039 hinc
1158 1979 1203 2038 la·

217 2077 285 2125 tera
306 2063 478 2144 pulsarent,
498 2059 677 2120 subducere
697 2070 808 2119 nautae
828 2061 898 2121 vela
919 2070 1105 2152 coeperunt.
1135 2057 1200 2120 Sed
1276 2073 1278 2078 ·
1327 2076 1340 2133 ·;

217 2143 386 2204 ministeria
409 2159 519 2201 eorum
540 2140 611 2199 hinc
632 2151 729 2215 metu,
752 2138 824 2199 hinc
844 2137 1034 2221 praerapida
1056 2140 1198 2199 celerita-

185 2233 251 2284 ¹¹te
271 2221 433 2300 fluminum
455 2231 659 2300 occupantur.
685 2221 719 2278 lu
735 2220 834 2280 oculis
851 2220 988 2282 omnium
1004 2219 1068 2281 duo
1085 2220 1203 2278 maiora

219 2302 341 2385 navigia
362 2300 523 2360 submersa
543 2311 631 2376 sunt3
651 2299 782 2374 leviora,
804 2321 875 2360 cum
897 2312 929 2361 ct
948 2300 1016 2381 ipsa
1035 2299 1204 2381 nequirent

219 2383 300 2464 regi,
323 2383 355 2441 iu
376 2381 474 2471 ripam
498 2391 599 2438 tamen
620 2380 742 2440 innoxia
769 2382 899 2461 expulsa
926 2392 1007 2440 sunt.
1049 2381 1122 2459 lpse¹
1145 2399 1204 2438 rex

220 2465 252 2523 in
271 2462 482 2544 rapidissimos
510 2459 645 2520 vertices
669 2460 796 2524 incidit:
829 2461 944 2545 quibus
973 2461 1089 2520 intorta
1116 2459 1203 2518 navis

221 2541 349 2627 obliqua
373 2553 405 2606 et
426 2538 629 2621 gubernaculi
643 2540 806 2623 impatiens
824 2531 986 2626 agebatur,
1008 2540 1069 2598 lam
1083 2549 1214 2600 restam*

225 2699 400 2717 un———u-n—uss

263 2814 314 2894 Ι7)
331 2831 380 2896 pro
397 2813 519 2871 delebunt
536 2811 613 2872 Voss.
633 2826 656 2873 t.
684 2813 851 2879 adolebant,-
880 2833 930 2885 pro
957 2813 1138 2882 defraudabant
1161 2795 1202 2866 1²1ss

222 2881 300 2934 Letd·
320 2883 395 2934 loss·
420 2906 440 2944 ι,
457 2907 480 2939 ui
499 2891 555 2944 Pal.
577 2907 598 2939 ι.
616 2889 647 2939 D.
667 2893 726 2938 eum
747 2886 814 2937 Edd.
840 2894 902 2938 vett.
930 2884 1150 2952 exstinguebant.
1169 2911 1202 2924 -

223 2949 376 3004 Gronov·.e
396 2955 481 3008 Codd.
500 2968 616 3007 nrtturoe
633 2959 729 3006 ver‘ct.
1027 2957 1030 2964 '

287 3019 316 3083 8)
335 3030 402 3088 optt.
421 3025 506 3075 Codd.
525 3025 652 3090 raingus.
733 3035 736 3042 '

289 3088 317 3158 9)
336 3090 411 3144 Frsb.
427 3110 476 3160 pro
495 3104 601 3154 contras,
617 3089 694 3158 'qirrtd
717 3089 780 3140 dant
805 3089 903 3153 Codd.,
927 3090 1026 3142 coitus.
1063 3119 1096 3129 -
1130 3086 1203 3137 idem
1228 3080 1233 3102 ¹

223 3164 316 3236 contra
333 3158 371 3207 Fl.
395 3161 461 3212 Leid
480 3164 555 3214 Voss.
577 3174 598 3212 1.
622 3177 646 3209 a.
665 3170 777 3214 nroveut.
811 3185 844 3198 ·-
880 3157 948 3209 Edd.
973 3175 1028 3227 qaeu
1046 3167 1135 3206 nzeurrt
1152 3173 1202 3204 nu-

224 3239 319 3410 gigo)
337 3293 411 3408 nglr.
429 3297 505 3349 omitt
522 3313 579 3346 voc.
598 3295 670 3344 vela.
687 3321 719 3335 -
747 3309 796 3360 pro
815 3307 900 3359 metu,
922 3292 996 3361 quod
1015 3298 1054 3341 est
1072 3293 1203 3354 esseni,

305 3402 311 3414 .
331 3377 400 3415 ceu.

273 3428 314 3494 ιι)
334 3447 356 3478 r.
377 3430 493 3478 ominium
511 3430 628 3482 incertae
648 3429 709 3480 fidei
726 3437 774 3492 est,
791 3432 869 3496 vulgo
886 3438 948 3498 post
959 3429 1067 3478 mun'oru
1082 3428 1201 3496 ponitur.

224 3526 255 3584 -ῖ
273 3496 349 3548 Frslr.
365 3498 497 3557 vortices,
517 3497 550 3546 dc
571 3515 622 3562 quu
641 3515 719 3564 supra
740 3499 840 3552 rnonui.
