2688 3872
374 485 380 490 ,
463 433 507 482 DE
528 431 652 482 GESTIS
668 425 770 483 ALEX.
790 432 823 481 Χ.
843 433 884 482 30.
1125 435 1174 487 195

1135 531 1146 552 N

89 649 92 656 ,
176 595 236 652 tes,
257 581 326 664 quis
344 580 448 640 Melea
472 599 507 639 er
525 589 684 658 praeerat.
717 578 783 638 'lam
806 569 955 660 equestre
979 584 1211 658 agmenlm'o-tt

177 661 325 734 vehatur,
347 672 380 719 et
401 599 525 738 pedites
547 656 648 716 subita
670 655 842 718 formidine
864 658 905 718 ob
927 655 1175 716 reeentcmdis-
1208 701 1211 705 -

178 733 340 814 cordiam,
378 737 463 797 hand
497 757 571 796 sane
610 738 714 817 pacati
748 737 917 818 quicquam
945 747 1175 816 exspectantes,

179 839 354 899 parumper
375 816 614 892 addubitavere,
636 839 673 876 an
694 817 724 874 in
750 815 864 875 urbem
886 816 1102 876 subducerent
1124 837 1176 876 eo·

177 891 263 972 pias:
295 897 415 978 quippe
441 917 501 976 pro
537 893 695 978 equitibus
724 896 868 975 planities
899 907 977 954 erat.
1025 898 1213 960 Ceterum15

178 977 284 1050 veriti,
306 996 346 1035 ne
363 987 487 1034 temere
510 976 758 1034 commilitonum
778 972 872 1034 iidem
888 975 1082 1048 damnarent,
1104 973 1176 1033 sub-

131 1115 138 1136 ,
180 1057 301 1120 stiterc,
321 1053 516 1134 praeparatis
541 1054 579 1112 ad
601 1054 813 1113 dimicandum
834 1053 952 1128 animiS,
974 1053 999 1112 si
1020 1053 1090 1134 quis
1111 1054 1176 1114 vim
1212 1093 1214 1102 ·

179 1133 323 1195 inferret.
360 1134 424 1192 lam
446 1131 569 1212 agmina
592 1132 728 1206 coibant,
777 1153 885 1193 arvum
912 1151 951 1192 ue
974 1131 1176 1191 intervallum

180 1224 260 1289 erat,
282 1210 369 1292 quod
391 1211 490 1270 aciem
503 1222 671 1292 utramque
687 1153 847 1273 divideret
888 1153 1002 1294 ltaque
1023 1231 1081 1270 rex
1105 1230 1215 1276 cumis
1275 1252 1278 1258 ι

161 1313 241 1356 ¹una
255 1290 309 1350 'ala
331 1289 521 1372 obequitare
542 1290 703 1375 peditibus
725 1291 845 1372 coepit,
868 1289 1046 1350 discordiae
1068 1302 1175 1349 aueto-

179 1391 242 1440 res,
265 1391 346 1450 quos
366 1369 452 1430 tueri
472 1369 541 1449 ipse
570 1369 724 1442 debebat,
753 1370 905 1434 instinctu
934 1368 1108 1430 Perdiccae
1136 1368 1176 1428 ad

179 1449 333 1530 supplicia
355 1449 555 1528 deposcens:
579 1447 820 1532 minabaturque
841 1468 950 1510 omnes
964 1461 1082 1508 turmas
1104 1469 1176 1508 cum
1200 1457 1202 1468 ¹

182 1527 358 1608 elephantis
385 1527 589 1588 inducturum
623 1549 657 1588 se
692 1529 724 1587 in
757 1540 950 1589 recusantes.
1000 1527 1057 1588 Stu
1084 1527 1213 1591 ebanttt
1286 1604 1289 1608 .

179 1606 355 1687 improviso
380 1606 463 1664 malo
490 1607 632 1686 pedites,
668 1626 728 1667 nec
756 1608 828 1688 plus
856 1607 886 1665 in
914 1607 985 1692 ipso
1013 1549 1175 1689 Meleagro

182 1698 252 1744 erat
273 1697 327 1746 aut
349 1684 483 1761 consilii,
504 1696 558 1744 aut
580 1685 684 1744 animi.
729 1685 932 1745 Tutissimum
961 1707 1000 1745 ex
1027 1705 1176 1766 praesen·

179 1765 263 1824 tibus
283 1763 463 1831 videbatur,
485 1775 670 1844 exspectare
684 1765 803 1844 potius,
829 1783 922 1844 quam
946 1783 1090 1840 movere,
1111 1763 1178 1824 for·

180 1857 299 1904 tunam.
325 1845 424 1918 ¹Tum
445 1841 618 1917 Perdicca,
645 1853 681 1900 ut
706 1853 873 1922 torpentes
903 1855 935 1902 et
957 1843 1111 1904 obnoxios
1132 1843 1213 1903 viat

182 1924 238 1990 dit,
262 1923 340 1982 CCC
365 1920 448 1996 fere,
514 1922 525 1978 i
544 1921 742 2002 Meleagrum
763 1933 983 2001 erumpentem
997 1943 1036 1981 ex
1052 1922 1178 1983 concio·

180 2022 230 2068 ne,
254 2021 335 2083 quae
358 1999 476 2078 prima-
507 1999 588 2058 abita
613 2011 662 2058 est
683 2011 910 2078 postmortem
926 2000 1109 2075 Alexandri,
1130 2019 1178 2060 se·

182 2079 247 2138 cuti
269 2091 369 2152 erant,
391 2099 408 2136 a
430 2077 545 2138 ceteris
567 2076 735 2152 discretos,
757 2077 932 2159 elephantis
951 2079 983 2138 in
1005 2090 1178 2158 conspectu

182 2157 281 2217 totius
308 2156 469 2218 exercitus
497 2155 623 2232 vobiicit3
652 2176 760 2217 omnes
785 2175 825 2216 ue
856 2153 1020 2218 beluarum
1041 2155 1178 2240 pedibus

183 2235 300 2312 obtriti-
320 2246 407 2311 suut,
439 2253 499 2294 nec
520 2234 716 2315 prohibente
742 2179 908 2316 Pbilippo,
944 2257 1004 2298 nec
1031 2249 1179 2297 auctore:

180 2315 438 2396 apparebatque,
465 2313 618 2394 idmodo
644 2335 704 2395 pro
732 2335 790 2376 suo
818 2315 1065 2392 vindicaturum,
1093 2315 1218 2398 quodie

181 2394 389 2486 approbasset
411 2405 554 2457 eventus.
590 2396 663 2454 Hoc
687 2393 847 2456 bellorum
871 2396 1011 2456 civilium
1032 2395 1178 2456 Macedo-

179 2473 270 2532 mbus
307 2485 340 2532 et
367 2491 461 2534 omen
490 2484 523 2533 et
556 2473 749 2553 principium
777 2473 848 2534 fuit.
898 2475 1079 2556 Meleager,
1105 2489 1217 2532 seroau

180 2551 341 2612 intellecta
364 2550 480 2612 fraude
502 2551 697 2620 Perdiccae,
723 2564 791 2610 tum
812 2553 961 2631 quidam,
983 2555 1058 2634 quia
1078 2551 1177 2632 ipsius

182 2631 313 2708 corpori
336 2630 382 2690 vis
402 2651 465 2691 11011
487 2627 695 2705 afferebatur,
723 2630 754 2688 in
782 2632 905 2710 agmine
926 2631 1052 2713 quietus
1074 2630 1189 2690 stetite

181 2719 212 2766 at
236 2729 321 2783 mox,
343 2708 486 2769 damnata
494 2729 499 2748 ³
509 2728 566 2788 spe
587 2708 712 2782 salutis,
742 2727 814 2768 cum
836 2710 1213 2791 eiusnomine,quem21

179 2788 188 2844 i
214 2806 248 2846 se
269 2785 393 2846 fecerat
412 2807 541 2870 regem,
573 2787 604 2854 in
625 2787 801 2866 perniciem
833 2807 920 2852 suam
948 2789 1113 2856 abutentes
1134 2787 1179 2848 vi·

202 2877 273 2924 eret
293 2865 446 2942 inimicos,
468 2865 612 2946 confugit
632 2867 663 2925 in
691 2865 873 2945 templumt,
891 2887 938 2944 ac,
960 2887 998 2926 uc
1026 2867 1090 2928 loci
1110 2867 1178 2949 qui·

178 2944 251 3004 dem
273 2944 333 3004 reli
356 2945 428 3003 ione
451 2943 611 3020 defensus,
631 2945 803 3007 occiditur.
1147 2992 1150 2998 .

178 3083 197 3122 x
330 2966 495 3096 Perdicca,
518 3023 676 3102 perducto
699 3023 729 3082 iu
744 3023 857 3084 urbem
877 3025 1032 3101 exercitu,
1054 3021 1218 3086 consili-30

201 3108 207 3125 ⁶
250 3124 303 3160 um
331 3101 509 3182 principum
544 3103 681 3163 virorum
703 3101 829 3179 habuit,
861 3105 891 3162 iu
922 3126 985 3185 quo
1008 3105 1177 3184 imperinm

178 3179 221 3236 ita
243 3179 341 3239 dividi
362 3180 490 3258 placuit,
511 3191 547 3238 ut
562 3201 620 3241 rex
641 3176 772 3268 quideui
792 3203 943 3246 summam
966 3183 1032 3243 eius
1054 3183 1175 3244 obtiness

236 3419 276 3485 ¹7)
297 3421 373 3483 rulgo
395 3417 605 3485 stupebantque.

231 3487 274 3551 at)
294 3485 382 3536 Cedd.
404 3497 435 3532 et
454 3503 526 3538 rator.
586 3510 590 3516 ·
