2688 3872
206 320 255 374 ian
567 317 601 383 o.
619 314 738 368 curru
756 315 836 366 nun

192 454 329 546 *aquam
375 459 504 544 Quippe
524 460 645 534 scabies
668 479 806 542 corpora
824 461 947 532 invasit,
969 475 1002 523 et
1022 465 1203 544 contagium

207 541 312 602 morbi
333 541 428 600 etiam
448 541 480 598 in
508 541 585 601 alios
612 542 774 622 vulgatum
803 552 862 606 est.
909 541 1028 603 Oleum
1055 544 1200 612 remedio

167 621 275 687 afuit.
318 623 483 687 Leonnato
505 619 621 680 deinde
646 620 842 699 praemisso,
869 632 904 680 ut
924 633 1040 702 puteos
1060 622 1202 698 foderet,

150 704 155 709 “
203 723 267 784 qua
301 698 449 759 terrestri
481 699 595 760 itinere
625 699 779 758 ducturus
816 699 992 762 exercitum
1023 701 1201 771 videbatur,

205 781 327 871 qnippe
347 778 430 838 sicca
452 789 520 837 erat
539 777 642 857 regio,
664 779 732 858 ipse
747 797 819 840 cum
840 779 940 859 copiis
961 780 1113 858 substitit,
1130 801 1203 841 ver-

204 861 280 918 num
300 870 426 938 tempus
459 869 656 936 exspectans.
698 857 828 916 Interim
858 869 891 918 et
914 857 1012 919 urbes
1032 861 1202 942 plerasque

26 1001 29 1007 ,
125 1007 129 1013 ,
167 937 356 1006 scondidit.
398 935 546 1005 Nearcho
574 947 606 995 at
631 957 671 996 ue
698 935 881 1014 Onesicrito
909 937 1054 1009 nauticae
1069 931 1123 999 'rei
1147 960 1202 1030 pe·

204 1013 480 1096 ritis‘imperavit,
510 1025 544 1073 ut
571 957 778 1075 validissimas
806 1015 933 1076 navium
952 1016 1150 1078 deducerent
1171 1019 1204 1078 in

206 1096 390 1170 Oceanum,
421 1095 652 1181 progressique
674 1093 780 1176 quoad
800 1105 871 1153 tuto
892 1109 1040 1174 possent,
1061 1109 1204 1161 naturam

204 1176 301 1236 maris
322 1175 507 1255 noscerent:
532 1173 584 1238 rel
608 1173 722 1236 eodem
745 1193 846 1248 amne,
866 1173 921 1234 vel
938 1173 1114 1254 Euphrate,
1130 1172 1203 1240 sub-

202 1255 251 1315 ine
274 1273 330 1314 eos
350 1271 467 1332 posse,
503 1270 577 1315 cum
601 1252 723 1312 reverti
744 1251 789 1311 ad.
805 1271 839 1311 se
860 1251 993 1315 vellent.

165 1343 205 1410 39
284 1335 414 1412 Iamque
435 1329 576 1412 mitigata
597 1330 713 1400 hieme,
739 1343 773 1390 et
793 1331 943 1406 navibus,
973 1353 1056 1414 quae
1076 1333 1204 1393 inutiles

170 1411 404 1482 svidehantur,
428 1409 586 1487 crematis,
606 1422 695 1470 terra
717 1409 855 1473 ducebat
877 1411 1064 1485 exercitum.
1106 1413 1204 1483 Nouis

206 1490 316 1560 castris
338 1488 369 1548 in
390 1488 556 1568 regionem
577 1487 754 1566 Aberiton,
782 1489 856 1549 inde
881 1490 1017 1550 totidem
1038 1490 1151 1551 diehus
1172 1492 1205 1550 in

206 1567 437 1630 Cedrosiorum
457 1579 647 1646 perventum
667 1580 726 1632 est.
769 1567 867 1638 Liber
893 1568 946 1638 hic
969 1571 1108 1650 populus
1130 1589 1203 1630 corr·

205 1648 279 1709 cilio
299 1646 408 1709 habito
430 1643 553 1705 dedidit
573 1667 626 1722 se,
658 1667 718 1710 neo
736 1647 918 1728 quicquam
942 1647 1057 1708 deditis
1077 1660 1205 1728 praeter

169 1739 185 1784 6
206 1739 400 1788 commeatus
425 1724 614 1805 imperatum
636 1739 693 1795 est.
735 1727 863 1804 Quinto
883 1726 957 1788 hine
985 1727 1037 1802 die
1058 1729 1145 1798 veuit
1165 1729 1208 1788 ad

206 1804 342 1873 flumen:
366 1802 505 1864 Arabum
527 1805 647 1866 incolae
670 1805 840 1886 appellant.
881 1806 986 1888 Regio
1015 1807 1144 1867 deserta
1172 1819 1205 1868 ct

207 1907 360 1968 aquarum
388 1883 480 1963 inops
517 1885 651 1964 excipit:
689 1907 784 1967 quam
817 1905 964 1952 emensus
1001 1885 1033 1944 in
1073 1886 1204 1948 Horitas

207 1965 329 2033 transit.
381 1961 428 2028 Ibi
457 1963 610 2027 maiorem
637 1965 796 2024 exercitus
822 1977 947 2044 partem
974 1964 1204 2044 Hephaestioni

205 2043 347 2122 tradidit,
366 2044 473 2102 levem
500 2055 692 2122 armaturam
713 2063 785 2103 cum
810 2045 997 2105 Ptolemaeo
1025 2047 1204 2105 Leonnato-

169 2138 271 2206 qque
301 2123 438 2206 partitus
467 2133 524 2180 est.
582 2122 659 2182 Tria
694 2123 787 2182 simul
822 2123 945 2204 agmina
969 2123 1205 2203 populabantur

205 2203 311 2277 lndos,
335 2219 532 2280 magnaeque
552 2201 693 2280 praedae
715 2213 802 2261 actae
824 2215 911 2263 saint:
933 2203 1106 2262 maritimos
1128 2205 1205 2263 Pto·

205 2281 357 2348 lemaeus,
379 2290 505 2338 ceteros
526 2277 595 2358 ipse
615 2299 689 2348 rex,
713 2291 746 2339 et
766 2280 805 2339 ah
828 2281 887 2340 alia
909 2294 1002 2361 parte
1022 2285 1204 2350 Leonnatus
1212 2299 1219 2327 s

206 2361 353 2420 urebant.
396 2359 432 2416 In
452 2355 511 2416 hac
532 2371 663 2440 quoque
685 2359 819 2439 regione
839 2360 952 2438 urhem
974 2361 1128 2439 condidit,
1150 2360 1205 2422 de·

207 2439 358 2520 ductique
380 2437 503 2495 suntin
524 2457 593 2496 eam
614 2437 792 2498 Arachosii.

165 2531 205 2596 40
286 2516 368 2592 Hinc
389 2516 537 2596 pervenit
558 2515 598 2596 ad
620 2517 792 2597 maritimos
813 2517 918 2594 Indos.
958 2520 1129 2600 Desertam
1149 2541 1205 2581 va-

207 2609 353 2682 stamque
386 2593 553 2676 regionem
580 2596 643 2657 late
672 2607 800 2670 tenent,
837 2617 873 2657 ac
901 2617 942 2661 ne
966 2619 1039 2659 cum
1066 2599 1204 2660 finitimis

167 2699 185 2752 ρ
230 2675 338 2737 uidem
369 2674 437 2744 ullo
468 2676 652 2751 commercii
680 2677 751 2736 iure
777 2675 962 2746 miscentur.
1003 2680 1074 2758 Ipsa
1096 2679 1206 2743 solitu·

207 2699 251 2818 dn
279 2767 391 2828 natura
420 2773 551 2835 quoque
576 2755 706 2832 immitia
733 2754 883 2822 efferavit
913 2758 1053 2836 ingenia:
1087 2759 1206 2838 promi-

208 2845 284 2895 nent
304 2853 425 2914 ungnes
448 2848 607 2915 nunquam
627 2835 735 2910 recisi3
758 2831 873 2908 comae
888 2833 1030 2896 hirsutae
1052 2849 1084 2897 et
1105 2837 1206 2910 inton-

171 2934 261 2974 assae
282 2923 374 2975 sunt.
424 2912 566 2993 Tuguria
602 2913 731 2974 conchis
771 2925 804 2971 et
841 2915 956 2972 ceteris
989 2917 1206 2996 purgamentis

208 2992 301 3061 maris
322 2991 491 3068 instruunt.
530 2993 688 3053 Ferarum
709 2991 846 3084 pellibus
868 2993 955 3066 tecti,
977 2993 1117 3082 piscihus
1137 2995 1206 3056 sole
1237 3039 1240 3042 -

207 3147 405 3170 ψη

276 3244 305 3294 5)
322 3221 397 3286 Frslr.
422 3235 496 3284 addit
518 3255 540 3287 v.
560 3237 695 3303 regionem
713 3248 782 3305 post
785 3239 1010 3307 ssudrosr'orupu
1028 3243 1110 3308 paulo
1130 3250 1208 3295 antea

180 3361 185 3368 .
211 3304 298 3353 Codd.
319 3306 348 3357 in
367 3305 491 3368 regione.
1032 3311 1034 3320 ‘

279 3371 308 3438 9)
329 3388 379 3438 pro
398 3371 543 3420 distruunt
562 3371 639 3436 vulgo
660 3384 783 3427 strumii.
