2686 3876
214 373 247 446 as
339 378 361 450 ss
551 369 610 441 o.
628 368 746 434 suurn
764 369 842 420 auri

150 584 153 592 ,
216 527 297 593 ctae,
317 526 469 583 armatum
491 515 622 578 militem
641 514 800 591 condidit,
820 515 931 597 paucis
972 511 1202 595 repellentibus

216 641 217 650 κ
241 615 347 672 ecora,
367 609 404 658 ut
423 596 635 684 improvidum
657 597 697 658 ad
715 596 839 660 insidias
861 615 937 677 pras
961 617 978 654 a
999 593 1203 675 perduceret.

172 703 199 750 ⁴5
214 617 324 760 ¹llaque
344 676 554 758 incomposito
576 677 698 760 agmine
723 677 899 760 solutisque
932 674 1094 734 ordinibus
1123 673 1204 734 Atti·
1301 673 1306 677 ’

213 771 270 817 ἠας
302 756 543 838 praedabundus
566 759 775 841 sequebatur3
808 777 903 840 quem
930 766 1204 836 praetergressum

215 837 343 914 silvam,
370 837 424 919 qui
445 838 475 898 in
497 858 535 898 ea
560 838 788 912 consederant,
820 857 859 898 ex
889 835 1062 916 improviso
1091 833 1204 913 adorti,

175 938 285 985 scum
314 917 458 979 omnibus
485 918 745 984 interemerunt.=
769 917 926 980 Celeriter
960 915 999 974 ad
1035 915 1227 978 craterum-⁴
1288 961 1291 971 .

145 1051 147 1055 ,
210 993 307 1058 huius
321 997 419 1059 cladis
440 997 524 1059 fama
539 997 666 1078 perlata
690 1009 753 1076 est3
789 998 934 1085 quicum
955 995 1039 1056 omni
1062 995 1203 1078 equitatu

212 1077 411 1159 supervenitt
452 1091 485 1141 et
518 1079 710 1160 Massagetae
747 1079 883 1162 quidem¹
907 1077 968 1135 iam
1001 1074 1202 1155 refugerant,

210 1159 321 1220 Dahae
345 1158 431 1218 mille
445 1158 600 1238 ,oppressi
621 1171 708 1227 sunt:
743 1173 895 1242 quorum·
910 1155 1000 1216 clade
1026 1156 1120 1214 totius
1150 1175 1202 1215 re-

116 1311 119 1316 ,
174 1244 189 1302 7
211 1239 311 1321 gionis
332 1237 418 1297 finita
439 1237 581 1298 defectio
602 1251 658 1298 est.
699 1236 881 1303 Alexander
902 1255 1048 1330 quoque,
1071 1233 1201 1317 Sogdia·

208 1320 257 1378 nis
286 1338 395 1380 rursus
424 1317 577 1392 subactis,
608 1317 798 1380 Maracanda
820 1329 948 1398 repetit.
992 1315 1040 1376 lbi
1066 1317 1200 1388 Beudes,

210 1420 305 1482 quem
326 1398 365 1458 ad
392 1394 522 1477 Scythas
549 1418 647 1478 super
674 1399 864 1480 Bosporum
888 1397 1030 1457 colentes
1060 1397 1199 1472 miserat,

120 1531 123 1537 .
174 1472 281 1550 ccum
307 1475 419 1559 legatis
448 1477 548 1572 gentis
577 1480 730 1558 occurrit.
778 1475 1032 1556 Phrataphernes
1060 1497 1124 1558 quo
1152 1479 1225 1554 ue,

211 1559 266 1640 qui
293 1557 483 1619 Chorasmiis
509 1569 672 1638 praeerat,
696 1559 879 1643 Massagetis
902 1568 937 1616 ct
963 1556 1059 1616 Dahis
1092 1498 1201 1638 redic-

208 1659 283 1697 num
304 1633 439 1701 confinio
461 1636 633 1714 adiunctus,
653 1639 797 1718 miserat,
829 1638 884 1722 qui
913 1635 1073 1696 facturum
1102 1639 1200 1718 impe·

135 1761 139 1769 «
173 1731 275 1782 erata
295 1717 534 1798 pollicerentur.
573 1716 708 1801 Scythae
729 1719 896 1801 petebant,
925 1729 960 1777 ut
990 1717 1075 1799 regis
1098 1717 1145 1776 sui
1164 1714 1199 1776 fi·
1229 1727 1237 1746 ¹
1313 1728 1315 1736 ’

208 1798 282 1856 liam
306 1799 504 1868 matrimonio
526 1798 584 1862 sibi
604 1799 765 1882 iungeret:
793 1801 819 1861 si
846 1799 1073 1878 dedignaretur
1097 1795 1200 1857 allini-

208 1890 325 1951 tatem,
352 1879 510 1974 principes
547 1880 756 1942 Macedonum
789 1901 866 1946 cum
893 1877 1085 1962 primoribus
1122 1898 1197 1938 suae

209 1958 314 2039 gentis
329 1960 485 2024 connubio
504 1960 591 2020 coire
611 1973 792 2042 pateretur:
813 1961 916 2042 ipsum
937 1979 1068 2040 quoque
1088 1978 1198 2038 regem
1226 2021 1229 2026 ,

178 2051 378 2098 soventurum
405 2039 444 2099 ad
480 2061 552 2103 eum
580 2041 823 2120 pollicebantur.
863 2042 940 2100 Utra
963 2059 1004 2098 ue
1040 2037 1198 2120 legatione

208 2119 344 2200 benigne
371 2119 492 2195 audita,
519 2119 786 2199 Hephaestionem
815 2131 847 2180 ct
877 2123 953 2180 Arta
978 2139 1069 2178 azum
1100 2138 1199 2199 oppe-

210 2198 312 2274 riens,
340 2199 451 2258 stativa
471 2197 597 2262 habuit:
626 2199 740 2280 quibus
767 2199 937 2276 adiunctis,
966 2199 997 2258 in
1023 2199 1197 2280 regionem,

210 2299 292 2370 quae
314 2279 491 2358 appellatur
509 2278 652 2354 Bazaira,
672 2279 830 2360 pervenit.

190 2369 208 2429 9
288 2359 447 2418 Barbarae
469 2343 649 2440 opblentiae
675 2359 787 2426 inillis
816 2359 893 2420 locis
921 2358 1004 2423 haud
1034 2359 1098 2420 ulia
1126 2371 1198 2428 sunt

209 2437 326 2498 maiora
355 2438 483 2514 indicia,
520 2461 612 2522 quam
632 2460 693 2504 ma
718 2440 762 2499 nis
779 2441 974 2503 ‘nemoribus
1003 2441 1197 2522 saltibusque

174 2518 354 2580 aanohilium
376 2519 517 2578 l'erarum
546 2539 660 2600 greges
685 2461 772 2580 clusi.
813 2519 972 2602 Spatiosas
997 2520 1117 2582 adhoc
1140 2521 1197 2580 eli-

208 2611 286 2684 gunt
298 2595 402 2674 silvas,
416 2599 535 2660 crebris
552 2600 737 2680 perennium
756 2621 906 2684 aquarum
927 2600 1069 2661 lontibus
1091 2621 1195 2664 amoe-

208 2701 278 2756 nas3
306 2678 403 2740 muris
434 2699 564 2745 nemora
594 2679 770 2760 cinguntur,
798 2693 967 2764 turresque
996 2679 1112 2746 habent
1138 2701 1195 2742 ve·

176 2761 344 2830 canentium
370 2761 583 2841 receptacula
625 2760 772 2847 Quatuor
799 2761 952 2826 continuis
973 2761 1129 2826 aetatibus
1150 2762 1195 2820 in·

205 2852 321 2903 tactum
344 2839 456 2900 saltum
478 2839 575 2902 fuisso
599 2839 776 2918 constabat3
803 2862 898 2925 quem
917 2841 1098 2902 Alexander
1122 2861 1194 2921 cum

206 2931 274 2981 toto
303 2921 446 2985 exercitu
466 2921 643 2996 inaressus,
676 2921 788 3004 agitari
817 2920 956 3010 undique
982 2920 1193 2984 feras'iussit.

175 3003 296 3076 salutar
316 3019 392 3082 quas
414 3021 485 3064 eum
498 2967 560 3064 lec
581 3001 801 3086 magnitudinis
833 3022 924 3068 rarae
952 3001 1054 3083 ipsum
1081 3023 1193 3086 regem

209 3143 399 3169 ρ-ῚἈ--Πι

270 3259 297 3326 5)
314 3261 344 3310 P.
364 3269 462 3326 transp.
481 3252 586 3328 sequed.
602 3251 824 3330 praedabundus.
839 3285 872 3296 -
889 3261 918 3316 a'n
936 3275 992 3310 sam
1008 3259 1047 3308 Fl.
1066 3257 1140 3308 Laid.
1158 3261 1191 3313 D.
1216 3258 1220 3266 ¹

269 3329 296 3391 8)
315 3331 391 3394 ‘vulgo
410 3327 551 3382 adiunctis,
575 3357 606 3369 -
625 3345 676 3398 pro
694 3325 828 3399 carperem
845 3329 922 3380 Voss.
940 3334 964 3382 2.
983 3325 1124 3380 mandatu.

256 3397 296 3464 ri)
315 3397 388 3445 Frsh.
410 3413 469 3448 eum
490 3398 558 3462 vulg.
576 3397 680 3457 clause-
698 3398 731 3448 ei.
750 3399 880 3448 Meursius
902 3399 929 3446 in
947 3396 1013 3446 Crit.
1031 3395 1134 3444 Arnob.
1153 3395 1187 3458 11,

203 3480 243 3520 1²·
261 3465 330 3534 Seyl.
348 3465 404 3516 Lat.
424 3464 542 3514 Gratum.
560 3461 583 3534 §.
607 3470 680 3531 1695.
702 3481 728 3514 u.
745 3467 788 3522 25.
808 3473 835 3514 et
852 3465 931 3516 Tem.
947 3465 970 3532 1,
988 3481 1015 3532 p·
1034 3464 1093 3518 354·
1146 3471 1151 3486 ¹
