2686 3876
168 372 204 426 aa
451 398 454 406 ,
522 365 557 433 e.
578 363 702 420 ,cuasa
723 347 827 420 aim
903 403 906 408 .

129 503 146 566 l
169 513 232 576 tius
253 513 323 589 tuli,
344 533 437 598 qnam
460 513 515 576 ille
536 509 648 577 eadem
676 527 728 577 me·
750 503 1069 589 dieentem'tulisset:
1105 517 1172 578 ne

169 615 244 676 gum
266 594 448 678 ducumque
469 594 637 675 elementia
661 617 724 658 non
752 596 783 657 in
807 597 949 676 ipsorum
971 597 1090 671 mede,
1111 595 1170 657 sed

169 673 265 736 etiam
288 673 320 733 iu
341 673 487 750 illorum,
509 675 564 758 qui
584 687 709 758 parent,
729 675 862 759 ingeniis
883 676 941 747 sita
963 688 1021 739 eet.
1064 672 1171 737 Obse-

169 752 246 836 quio
268 750 452 836 mitigantur
472 754 624 836 imperia:
650 755 705 815 ubi
728 776 807 816 vere
829 755 1011 816 reverentia
1033 756 1174 817 excessit

134 849 143 858 ‘
169 832 289 910 animis,
310 843 344 893 et
365 853 486 894 summa
508 835 578 896 imis
599 835 841 914 confundimus,
875 835 906 897 vi
933 855 1014 918 opus
1036 847 1105 915 est,
1134 846 1173 896 ut

170 913 233 972 vim
253 905 457 994 repellamus.
1043 983 1046 986 ,
1167 975 1170 979 .

129 1005 169 1068 27
251 991 317 1052 Sed
339 993 416 1078 quid
438 1014 500 1088 ego
513 994 630 1070 mirer,
645 994 740 1054 istum
756 993 977 1055 crudelitatem
993 994 1070 1055 mibi
1082 992 1172 1056 obie-

170 1072 262 1148 sisse,
284 1072 339 1155 qui
359 1073 521 1134 avaritiam
549 1072 747 1154 exprobrare
774 1094 867 1134 ausus
899 1073 960 1135 sit?
1000 1076 1083 1137 Nelo
1110 1073 1173 1134 sin·
1229 1077 1231 1080 ’

191 1154 433 1214 ulos.vestrum
454 1153 604 1229 excitare,
625 1173 666 1214 ne
686 1154 816 1213 invisam
832 1154 1054 1216 liberalitatem
1068 1173 1173 1214 meam

168 1173 294 1310 liciam,
309 1233 336 1292 si
356 1232 474 1312 pudori
494 1244 602 1293 vestro
628 1253 759 1315 gravem
779 1233 905 1294 fecero.
940 1237 1058 1294 'I'otum
1079 1253 1173 1294 exer·

169 1313 266 1374 eitum
289 1312 437 1392 aspicite:
471 1311 526 1394 qui
546 1313 645 1410 paulo
668 1325 739 1373 ante
760 1311 837 1372 nibil
858 1325 987 1394 praeter
1008 1333 1094 1372 arma
1116 1311 1171 1372 ba-

167 1392 284 1468 bebat,
303 1411 387 1452 nune
411 1403 569 1474 argenteis
591 1391 686 1452 cubat
706 1391 813 1452 lectis:
845 1411 967 1452 mensas
989 1411 1068 1452 aare
1095 1410 1171 1452 one·

167 1483 249 1545 rant,
274 1491 442 1532 servorum
463 1490 580 1554 greges
602 1471 741 1548 ducunt,
762 1472 864 1552 spolia
885 1471 925 1531 de
947 1470 1090 1532 hostibus
1117 1492 1173 1531 su-

136 1552 288 1612 sosn'nere
308 1571 371 1612 non
390 1562 533 1632 possunt.
573 1552 618 1611 At
643 1551 725 1611 enim
747 1551 885 1624 Persae,
918 1571 998 1634 quos
1026 1551 1171 1628 vicimus,

169 1630 211 1692 in.
224 1650 338 1712 magno
361 1629 486 1692 honore
507 1642 581 1690 sunt
603 1631 687 1712 apud
707 1629 774 1691 me!
795 1631 956 1716 Equidem
976 1630 1171 1692 moderatie-

169 1711 217 1772 nis
246 1729 344 1779 meae,
373 1710 583 1772 certissimum
612 1709 762 1771 indicium
794 1721 861 1788 est,
894 1710 982 1794 qued
1010 1729 1051 1770 ne
1076 1709 1170 1770 vietis

169 1789 299 1874 quidem
324 1789 465 1872 superbe
485 1791 619 1875 impero.
661 1789 745 1854 Veni
774 1790 857 1851 enim
887 1791 918 1852 in
954 1789 1077 1864 Asiam,
1105 1807 1170 1850 nen
1213 1803 1217 1808 “

148 1882 206 1930 ¹ut
225 1869 366 1930 blanditus
394 1882 577 1932 everterem
604 1881 733 1953 gentes,
771 1890 831 1931 nee
859 1883 895 1932 ut
923 1869 1050 1931 dimidia
1078 1879 1171 1951 parte

167 1961 327 2014 terrarum
348 1951 552 2012 solitudinem
573 1949 726 2026 facerem,
747 1950 805 2010 sed
824 1963 861 2012 ut
881 1951 969 2024 illos,
996 1968 1076 2032 quos
1103 1947 1172 2008 bel·

136 2031 200 2092 1¹10
223 2029 430 2114 subegissem,
451 2030 607 2104 uictoriae
628 2049 800 2090 mesenen
822 2031 1014 2113 poeniteret.
1058 2029 1170 2110 Itaque

167 2109 303 2172 militant
325 2109 500 2178 vobiscum,
522 2131 582 2190 pro
604 2109 739 2190 imperio
762 2121 872 2170 vestre
894 2109 1077 2190 sanguinem
1098 2107 1170 2167 lirn-

168 2189 265 2263 dunt,
294 2188 350 2270 qui
377 2189 516 2267 superbe
544 2187 644 2247 habiti
671 2187 890 2254 rebellassent.
932 2191 1003 2249 Non
1032 2199 1081 2262 est
1101 2186 1171 2245 diu·

167 2280 260 2340 turne
280 2266 454 2352 pessessio,
476 2267 508 2330 in
531 2287 627 2354 quam
647 2264 753 2352 gladie
777 2267 976 2330 inducimur:
997 2265 1172 2331 beneficiu-

165 2409 365 2425 W·-

180 2539 182 2544 ·
232 2523 261 2594 9)
281 2525 310 2580 P.
330 2526 561 2580 Mer.m1‘ror.·-
579 2526 658 2582 Voss.
678 2532 702 2582 2.
721 2526 752 2577 P.
770 2527 811 2578 ΡΙ.
830 2527 861 2578 D.
889 2527 954 2577 nolo
973 2529 1004 2578 in
1029 2527 1169 2594 singulos,

167 2592 240 2666 qued
259 2611 319 2645 cum
338 2611 474 2663 compono
493 2611 556 2645 eum
572 2597 635 2648 leet,
660 2596 703 2646 ΕΙ.
731 2595 806 2648 Leid.
832 2596 910 2646 Voss.
932 2609 954 2648 ι.
975 2611 999 2646 a.
1019 2597 1048 2646 Ρ.
1069 2597 1123 2646 Pal.
1146 2611 1169 2654 s.

167 2663 199 2713 b.
223 2664 251 2712 Β.
270 2679 294 2712 a.
313 2664 426 2713 invisum
444 2662 533 2712 mihi·
549 2663 740 2727 exhibentium,
758 2663 851 2714 neseio
870 2660 1093 2730 quomodo'mibi
1106 2678 1169 2743 per·

166 2731 265 2798 placei,
284 2733 377 2783 lucum
393 2732 430 2782 isa
448 2733 630 2783 constituere:
651 2732 716 2781 nolo
737 2733 767 2780 in
785 2732 911 2798 singulos
934 2741 1059 2781 vestrum
1082 2732 1094 2782 1
1101 2731 1132 2781 ιΙι
1140 2749 1167 2779 e·

168 2799 259 2848 rudit
270 2817 286 2848 a
297 2810 357 2848 tem
375 2801 508 2861 excitare,
526 2818 559 2850 ne
578 2802 694 2850 derisam
712 2799 794 2850 milri
815 2817 882 2849 eam
890 2797 1009 2870 fusium,
1027 2801 1053 2848 si
1067 2797 1173 2868 pudori

166 2877 263 2918 nestro
282 2882 391 2932 gravem
402 2869 523 2934 jecero;
554 2884 613 2917 nam
633 2885 693 2918 cum
719 2869 825 2916 imu'sus
848 2867 1001 2933 saepissime
1022 2868 1168 2934 coniunga-

167 2941 211 2990 mr
229 2951 289 2983 eum
310 2953 347 2982 vv.
367 2934 487 3004 infestus
506 2944 531 2986 et
550 2933 677 3001 infinsns
697 2943 723 2984 et
743 2935 828 2985 activa
840 2935 1031 3000 significatione
1042 2943 1168 3003 ponatur,
1233 2985 1234 2988 ,

166 2999 238 3050 idem
258 2999 283 3050 b.
303 3002 323 3050 1.
343 3003 493 3066 significare
517 3001 637 3064 videtur,
666 3001 738 3068 quod
760 3001 891 3052 invidiam
909 3001 1022 3066 conflat.
1041 3029 1072 3037 -
1093 3000 1169 3052 F'rsb.

107 3110 109 3113 .
167 3075 262 3117 eontra
280 3076 349 3135 opit.
366 3069 452 3119 Cudd.
472 3085 523 3120 nec
541 3078 630 3120 tamen
650 3072 719 3119 male
739 3078 839 3136 transp.
858 3086 956 3136 greges
975 3085 1123 3120 servorum.
1166 3064 1168 3070 ’

219 3131 262 3202 10)
283 3142 352 3203 opti.
372 3135 461 3186 codd.
480 3143 506 3186 et
522 3135 591 3186 Edd.
611 3145 674 3190 ven.
695 3137 731 3185 ita
751 3138 923 3202 coniungunt:
943 3149 1018 3188 suast.
1034 3133 1117 3204 Apud
1130 3154 1169 3186 me

165 3200 277 3272 quadem
291 3201 424 3252 moderat.
453 3229 484 3241 -·
521 3205 597 3260 Frsb.
623 3206 776 3255 contrari.
805 3205 881 3259 Leid.
900 3206 977 3258 Voss.
1000 3222 1023 3270 r.
1043 3221 1067 3254 a.
1086 3205 1168 3269 llong.

166 3269 307 3321 dimidiam
322 3283 437 3338 partem.
457 3270 590 3336 -idem,
611 3274 674 3322 item
695 3280 789 3320 eontra
809 3281 877 3338 opit.
899 3269 999 3336 codd,
1019 3271 1169 3322 interillos

164 3345 193 3387 ei
212 3356 281 3410 quaes
301 3339 392 3390 inserit
410 3355 530 3408 gesaque.
550 3369 583 3378 —
603 3341 679 3390 Voss.
703 3355 727 3387 a.
747 3338 905 3404 subigerent.

215 3405 257 3471 ιι)
278 3407 356 3458 Voss.
376 3421 401 3456 a.
419 3409 481 3476 imp.
502 3418 612 3458 nostro.
641 3435 670 3447 -
698 3422 750 3475 pre
769 3405 929 3457 inducimur
945 3406 1064 3460 Theocr.
1084 3403 1167 3476 s'udn·

164 3479 276 3528 masur.
659 3487 661 3492 ·
1102 3499 1105 3508 ›
