2688 3872
408 333 467 416 'ns
488 365 609 418 casus
630 365 731 416 nter.
749 367 829 434 vui.
847 366 891 432 4⁵·
1107 375 1155 428 na

155 513 273 579 chosiis
292 524 413 590 auctor,
438 514 559 574 vinctus
573 513 699 594 triginta
725 534 765 575 ue
785 513 1053 596 elephanti‘sinrul
1070 518 1155 598 capti

154 595 397 678 perducuntur,
426 606 645 673 opportunum
671 535 833 654 'adversus
869 596 962 656 Indos
996 598 1155 672 auxilium,

154 675 275 760 quippe
301 673 371 753 plus
393 674 424 732 in
444 671 564 745 beluis,
591 694 687 755 quarn
714 674 745 732 in
767 674 928 749 exercitu,
960 677 1028 756 spei
1050 697 1086 744 ac
1112 679 1155 735 vi-

154 757 238 815 rium
260 753 321 812 illis
347 765 426 816 erat.
453 753 692 834 Germanusque,
713 772 771 812 rex
791 753 924 833 exiguae
944 757 1043 834 partis
1065 757 1156 816 lndo·
1181 763 1195 806 l

154 856 245 909 rum,
274 833 330 914 qni
350 831 523 890 Barzaenti
545 851 580 890 se
603 832 827 907 coniunxerat,
856 833 979 893 vinetus
1003 837 1157 895 adductus
1247 890 1249 896 .

155 927 214 976 est.
255 913 356 994 Igitur
375 911 538 992 transluga
560 922 593 970 et
619 913 732 993 regulo
755 912 786 971 in
808 912 981 972 custodiam
1010 915 1158 996 elephan·
1183 927 1197 970 5

154 995 196 1054 tis
218 1005 323 1052 autom
351 990 453 1050 'l'arili
473 989 617 1065 traditis,
648 991 687 1049 ad
708 993 829 1052 amnein
852 991 1021 1071 Hydaspen
1043 1015 1158 1073 perte*

154 1075 212 1142 nit,
235 1072 266 1130 in
288 1071 376 1130 euius
398 1069 554 1129 ulteriore
575 1070 643 1149 ripa
659 1072 763 1130 Porus
788 1070 994 1144 consederat,
1023 1073 1157 1132 transitu

156 1150 378 1236 prohibiturus
407 1149 542 1212 hostem.
576 1151 695 1210 LXXX
720 1163 753 1210 et
772 1150 803 1212 V
825 1148 1010 1228 elephantos
1033 1151 1158 1220 obiece·
1182 1159 1198 1204 6

156 1245 206 1294 rat
220 1229 335 1290 eximio
354 1249 526 1307 eor-porum
542 1227 682 1304 robore,
701 1229 850 1311 ultraque
868 1249 923 1290 eos
939 1249 1051 1288 currus
1069 1232 1158 1299 CCC,

157 1325 190 1374 et
211 1310 358 1391 peditum
386 1310 476 1368 XXX
502 1308 573 1367 l'ere
606 1308 708 1381 milia,
737 1308 768 1368 in
791 1310 860 1390 quis
884 1320 974 1368 erant
995 1309 1159 1391 sagittarii,

112 1406 119 1416 “
157 1391 252 1453 sicuti
277 1400 348 1448 ante
366 1387 559 1456 dictumest,
575 1387 776 1469 gravioribus
798 1390 891 1463 telis,
914 1409 1008 1472 quarn
1029 1399 1065 1447 ut
1085 1401 1158 1468 apte

157 1469 265 1532 excuti
294 1477 435 1548 possent.
477 1469 582 1548 Ipsum
616 1467 757 1528 vehebat
777 1468 965 1548 elephantus
986 1489 1083 1548 super
1109 1473 1197 1528 cest

157 1565 243 1611 teras
263 1547 375 1608 beluas
400 1545 550 1621 eminens,
571 1561 723 1628 armaque
743 1566 822 1606 auro
845 1559 878 1606 et
899 1558 1030 1630 argento
1052 1549 1161 1608 distin·

158 1643 211 1692 eta
233 1647 350 1708 eorpus
371 1644 462 1686 rarae
494 1625 717 1706 magnitudinis
747 1625 965 1690 honestabunt.
1008 1629 1071 1687 Par
1097 1627 1159 1686 ani·
1186 1639 1192 1646 ⁴

159 1731 229 1772 mus
253 1705 368 1768 robori
389 1704 553 1783 eorporis,
589 1714 622 1762 et
652 1716 768 1787 quanta
796 1705 881 1764 inter
908 1705 1004 1766 rudes
1032 1719 1161 1787 poterat

74 1850 79 1868 ,
160 1809 230 1850 ease
254 1784 415 1866 sapientia.

112 1876 124 1884 “
238 1865 427 1926 Macedonas
460 1882 524 1921 non
555 1873 744 1940 conspectus
771 1861 911 1923 hostium
945 1863 1066 1939 solum,
1103 1852 1201 1924 sed-'lb

94 1980 100 1991 ·
161 1949 256 2009 etiam
283 1943 440 2015 fluminis,
476 1941 563 2023 quod
595 1942 821 2001 transeundum
855 1953 939 2017 erat,
978 1941 1162 2024 magnitudo

160 2027 316 2090 terrebat.
354 2021 502 2114 Quatuor
522 2021 554 2079 in
575 2019 772 2080 latitudinem
791 2021 890 2080 stadia
905 2021 1067 2097 diffusum,
1088 2017 1164 2102 pro·

75 2105 80 2119 ⁶
103 2120 111 2138 ¹
161 2108 261 2168 l'nndo
284 2107 376 2180 alveo
403 2113 435 2161 et
465 2121 618 2182 nusquam
640 2100 719 2159 vada
741 2101 919 2180 aperiente,
948 2103 1088 2188 speeiem
1111 2121 1164 2162 va-

164 2188 203 2248 sti
223 2186 317 2245 maris
338 2182 473 2244 fecerat.
518 2183 586 2240 Neo
608 2199 668 2258 pro
686 2181 797 2260 'spatio
824 2203 976 2265 aquarum
998 2183 1060 2242 late
1082 2177 1201 2260 stag-⁹

163 2268 303 2327 nantium
325 2258 692 2342 impeturncoercebat3
720 2261 777 2320 sed
806 2263 896 2343 quasi
916 2264 946 2323 in
969 2275 1069 2322 artum
1091 2267 1164 2323 eod·

163 2345 293 2405 untibus
315 2341 409 2421 ripis,
431 2353 558 2400 torrens
582 2349 615 2397 et
640 2339 735 2398 elisus
756 2340 942 2403 serebatur:
972 2344 1165 2425 occultaque

136 2481 141 2493 Ι
163 2447 235 2486 saxa
257 2424 360 2483 inesse
384 2419 589 2480 ostendebant
609 2418 755 2499 pluribus
775 2421 852 2481 loeis
873 2423 975 2482 undae
997 2443 1166 2502 repercus-

164 2526 226 2566 sae.
272 2500 467 2562 Terribilior
490 2511 558 2559 erat
579 2497 677 2558 theles
698 2498 805 2577 ripae,
827 2521 921 2580 quani
942 2502 1017 2582 equi
1041 2495 1206 2584 virique¹⁰
1267 2507 1269 2517 ‘

166 2584 419 2664 compleverant.
462 2577 593 2642 Stabant
623 2579 766 2657 ingentes
793 2591 955 2638 vastorum
992 2597 1166 2658 corporum

159 2663 285 2733 moles,
309 2671 343 2718 et
367 2658 406 2716 de
427 2657 579 2716 industria
600 2658 740 2716 irritatae
769 2655 930 2720 horrendo
954 2657 1092 2725 stridore
1114 2679 1166 2723 au·

164 2762 218 2801 res
239 2737 423 2820 fatigabant.
451 2738 534 2800 Hinc
557 2737 664 2818 amnis,
677 2736 750 2796 hinc
771 2735 870 2796 bostis
893 2735 1020 2827 capacia
1042 2736 1205 2820 quidem¹²

176 2879 332 2894 ...aaa—.—

229 2963 257 3030 3)
276 2961 467 3030 producuntur
501 2965 578 3015 Voss.
607 2971 631 3020 2.
659 2964 718 3014 vide
741 2981 809 3030 quos
841 2963 934 3013 laudat
960 2963 1096 3018 Drakenb.
1130 2971 1165 3024 arl

164 3035 219 3090 Lis.
238 3031 389 3084 XXXVIII.
410 3038 452 3092 50,
477 3039 499 3086 1.
518 3034 622 3100 Herzog
641 3032 676 3082 ad
695 3033 771 3085 Caes.
789 3034 817 3085 B.
838 3031 870 3082 G.
890 3032 949 3098 Vll,
967 3039 1009 3102 39.
1027 3037 1114 3090 Bromi
1131 3039 1165 3089 ad

156 3103 248 3152 Corn.
268 3102 367 3168 Nepet.
385 3099 502 3149 Hannib.¹
519 3101 551 3164 V,
573 3102 596 3150 3.
830 3129 835 3143 ι
1253 3116 1254 3123 ¹

230 3168 258 3237 9)
285 3169 361 3218 Voss.
381 3183 407 3220 α,
426 3170 513 3216 omitt.
532 3169 628 3219 inesse.

219 3239 261 3304 ιο)
281 3236 356 3288 Frsb.
377 3246 471 3286 contra
491 3245 558 3302 nptt.
578 3236 665 3288 Codd.
686 3255 782 3299 (tortas,
802 3241 882 3306 prob.
902 3237 1034 3288 Schmied.
1055 3248 1080 3289 et
1095 3239 1164 3290 Cen.

158 3323 227 3356 ‘sore
247 3308 273 3354 in
293 3305 372 3357 Seeb.
391 3305 459 3354 Bibl.
477 3302 544 3352 (itit.
565 3306 582 3352 l.
601 3305 620 3352 l.
1134 3315 1139 3324 ¹

168 3439 197 3489 b·
219 3372 509 3452 11)idem‚negleota
536 3372 623 3428 Codd.
650 3377 820 3440 auctoritate
848 3385 948 3448 transp.
977 3373 1043 3430 litia
1068 3378 1165 3442 tosn's,

185 3455 228 3490 mc
245 3457 343 3491 amitis.

184 3649 193 3680 i
