2686 3876
443 988 483 1079 o.
511 981 687 1052 cunali
715 989 836 1052 nuri

617 1139 668 1180 ns

548 1245 733 1297 GESTIS

138 1287 738 1468 Anexauoai
809 1355 1140 1460 ,MAGNt

424 1579 551 1642 REGIS
580 1576 857 1641 MACEDONUM

536 1715 660 1780 urana
686 1715 746 1767 vu.

513 1911 768 1964 ARGUMENTUM.

150 2103 152 2107 .
206 2043 248 2131 ir)
269 2050 478 2116 Quaestionibus
497 2049 582 2100 semel
600 2047 745 2114 institutis,
770 2065 818 2101 rex
843 2049 924 2098 etiam
951 2043 1143 2107 Alexandrum,

141 2119 242 2187 Acropr
273 2119 377 2184 lilium,
404 2121 576 2186 Lyncesten,
605 2133 686 2184 quem
713 2125 774 2168 ante
798 2117 946 2168 triennium
965 2115 1017 2164 sibi
1036 2113 1143 2163 insidia·

140 2197 196 2237 tum
215 2188 348 2254 Antipatri
368 2188 458 2238 soceri
477 2185 606 2255 precibus
625 2184 844 2250 condonaverat,
868 2202 883 2236 e
906 2199 1017 2236 carcere
1035 2189 1165 2250 protran

141 2265 213 2307 ctum
232 2257 258 2304 in
277 2257 410 2308 concione
429 2271 539 2306 causam
558 2253 650 2304 dicere
669 2254 754 2304 iussit.
788 2252 870 2319 Quod
889 2255 950 2304 'eum
969 2267 1024 2301 non
1042 2259 1143 2317 posset,

140 2323 276 2390 supplicio
296 2325 408 2376 allectus
426 2331 478 2377 est.
516 2321 554 2390 (Ἰ)
573 2323 643 2371 Tum
667 2323 860 2389 producuntur
883 2324 1009 2388 Amyntas
1028 2327 1056 2370 et
1075 2317 1143 2366 Sim·

140 2393 206 2440 mias
225 2391 339 2457 fratres,
363 2393 419 2458 regi
444 2391 563 2460 suspecti
591 2397 704 2457 propter
728 2390 873 2442 amicitiam
898 2406 958 2440 cum
986 2387 1094 2439 Philota
1117 2393 1144 2434 et

143 2459 195 2508 alia
220 2458 320 2510 indicia
345 2461 425 2510 animi
452 2459 532 2510 alieni
559 2473 741 2525 novarumque
767 2475 858 2509 rerum
885 2457 985 2524 capidi.
1027 2454 1069 2523 (3)
1090 2453 1144 2504 Sed

105 2555 106 2558 =
140 2527 268 2592 Amyntas
288 2529 400 2579 vinculis
418 2529 522 2578 solutus
541 2525 649 2576 sortiter
667 2542 696 2576 se
715 2525 845 2590 defendit,
865 2533 892 2576 et
909 2526 1025 2593 primum
1044 2527 1143 2573 vocum

140 2602 244 2644 temere
263 2595 392 2646 iacturum
405 2595 582 2655 ,insolentiam
601 2601 719 2657 excusat,
735 2591 778 2662 (ti)
797 2593 895 2646 deinde
915 2593 1060 2643 amicitiam
1079 2589 1143 2640 Phi·

141 2661 215 2711 lotae
233 2678 262 2712 se
281 2673 433 2714 ceterorum
454 2662 578 2729 exemplo
598 2669 625 2712 et
649 2661 733 2728 ipsius
750 2662 821 2728 regis
845 2663 924 2729 quasi·
943 2663 1014 2711 iussu
1040 2659 1144 2726 expeti-

94 2755 96 2760 *
142 2729 210 2776 visse
229 2727 360 2794 delendit,
380 2735 422 2794 (5)
441 2739 499 2780 turn
520 2729 631 2781 crimina
650 2730 718 2794 rogii
737 2729 843 2780 scribae
862 2729 978 2786 refutat,
1004 2734 1032 2776 et
1055 2739 1144 2775 veram

143 2810 250 2844 causam
270 2796 397 2859 ostendit,
417 2814 466 2847 cur
484 2798 631 2864 Olympius.
650 2799 720 2862 regie
736 2806 831 2858 mater,
849 2796 937 2862 ipsum
956 2793 1012 2843 titio
1030 2807 1081 2860 per
1098 2793 1142 2858 lit·

144 2868 215 2912 teras
232 2860 344 2911 invisum
363 2863 524 2918 reddiderit.
560 2866 607 2936 (6)
635 2863 705 2915 Dum
735 2864 801 2916 haee
828 2863 882 2930 agit
899 2862 1041 2928 Amyntas,
1061 2859 1144 2910 irater

145 2931 201 2980 eius
220 2928 351 2980 Polemon
371 2945 405 2979 ex
423 2931 484 2993 luga
501 2938 634 2981 retractus
652 2930 806 2996 adducitur,
821 2933 942 3000 quicum
960 2937 1045 2980 semet
1063 2945 1144 2980 accu-

142 3006 234 3060 saret,
253 2996 348 3047 iratres
368 2997 526 3048 innocentes
545 3013 602 3048 esse
619 3007 780 3065 testaretur,
799 3009 954 3051 ceterorum
972 2998 1066 3048 animis
1083 3013 1143 3048 mo·

141 3067 194 3130 tis,
213 3065 246 3115 ab
265 3081 319 3115 uno
337 3065 452 3130 Amynta
468 3065 582 3129 graviter
600 3066 765 3132 increpatur.
810 3070 880 3118 Tum
897 3084 945 3118 rex
963 3081 978 3116 a
996 3074 1055 3116 tota
1074 3081 1141 3117 con·

143 3136 223 3184 cione
253 3142 397 3199 exoratus,
426 3141 480 3182 tres
498 3133 594 3182 iratres
621 3135 706 3182 multo
727 3148 788 3184 cum
806 3133 911 3187 honore
929 3135 1076 3185 verborum
1096 3131 1143 3182 ab·

143 3203 252 3251 solvit*

212 3270 254 3334 (7)
281 3268 434 3330 Alexander
458 3267 492 3318 ad
524 3267 741 3321 interficiendum
771 3271 992 3336 Parmenionem,
1026 3277 1084 3319 tum
1116 3267 1145 3317 in

143 3334 234 3385 Media
257 3347 414 3406 camparte
434 3337 568 3388 exercitus
586 3346 746 3403 versantem,
766 3339 958 3408 Polydamanta
975 3337 1067 3389 mittit.
1099 3333 1141 3402 (8)

49 3417 52 3426 ·
145 3402 198 3468 Qui
217 3419 278 3453 cum
296 3406 454 3457 brevissimo
473 3413 598 3473 tempore
617 3422 650 3456 eo
669 3407 849 3474 pervenisset,
868 3406 1066 3459 deliberatore
1084 3417 1147 3453 cum

144 3471 289 3559 praelectis
308 3475 397 3540 reglis,
414 3473 622 3546 Parmenionem
640 3470 715 3526 domi
734 3490 798 3526 aare
815 3476 953 3546 opprimit.
973 3471 1013 3542 (9)
1032 3469 1145 3524 tumul-

179 3559 289 3616 Curtius
311 3562 359 3614 111.
660 3602 665 3606 ‹
930 3571 944 3622 t
