2686 3876
396 377 439 426 nr
460 373 582 426 orsus
601 373 703 426 mex.
725 373 794 437 ru,
813 388 839 439 s
894 451 901 458 -
1078 381 1111 432 m

107 524 310 606 Spatiabatur
322 522 362 582 ‘in
386 541 519 584 nemore
541 519 737 582 Parmenion.
752 519 875 582 medius
896 522 985 614 inter·
1001 518 1147 595 ducenas

108 605 224 688 quibus
254 616 323 666 erat
356 603 545 682 imperatum
575 599 690 694 litteris
719 601 821 680 regis,
853 612 889 662 ut
916 601 1112 666 occiderent.

111 684 265 766 Agendae
290 693 395 745 etitem
417 682 465 742 rei
486 689 715 741 constituerant
734 690 871 818 temgus,
892 701 963 742 eum
985 681 1114 745 Parme·

115 765 190 828 nion
210 785 227 825 a
248 763 476 841 Polydamante
498 761 619 820 litteras
641 757 774 820 traditas
816 780 914 840 egero
940 764 1114 844 coepisset.

111 844 298 922 Polydamas
323 841 438 924 procul
471 840 619 914 veniens,
646 848 682 900 nt
710 838 959 901 aParmenionc
982 861 1154 926 conspe-m

108 932 184 990 'ctus
209 935 268 996 est,
290 922 382 984 rultu
402 920 539 980 laetitiae
561 918 701 999 speciem
721 916 946 1000 praeferente,
966 921 1006 982 sd
1031 944 1116 986 com·

113 1003 320 1084 plectendum
345 1021 417 1061 eum
436 999 595 1076 cucurrit3
618 1008 795 1081 mutuaque
814 999 1024 1080 gratulatione
1045 1003 1116 1064 sun·

111 1083 170 1152 cti,
190 1083 379 1176 Polydamas
402 1079 566 1159 epistolam
589 1101 614 1142 ¹a
636 1098 714 1162 rego
744 1081 896 1160 scriptam
925 1078 956 1140 ei
976 1081 1116 1145 tradidit.

111 1165 305 1227 Parmenion
333 1159 494 1222 vinculum
526 1158 681 1240 epistolae
708 1157 856 1235 solvens,
883 1155 1032 1243 quidnam
1057 1183 1156 1232 renas

110 1241 249 1324 ageret?
271 1237 466 1322 requirebat.
499 1239 565 1317 ,ttte
597 1259 637 1305 ex
664 1238 740 1320 ipsis
768 1237 883 1300 litteris
913 1239 1117 1322 cognitruum

112 1343 185 1388 esse
208 1319 382 1401 respondit.
418 1317 543 1406 Quibus
565 1317 759 1380 Parmenion
780 1317 881 1395 lectis,
901 1320 983 1394 Rex,
1003 1320 1158 1405 inquit,2s

23 1414 29 1420 '
115 1401 359 1482 expeditionem
375 1413 467 1482 parat
485 1399 517 1463 in
539 1398 743 1462 Arachosios.
766 1397 936 1460 Strenuum
956 1399 1119 1466 hominem

115 1494 150 1544 et
171 1501 331 1563 nunquam
353 1479 544 1543 cessantem!
566 1478 631 1540 Sed
652 1490 779 1559 tempus
800 1480 893 1542 saluti
912 1497 1008 1558 suae,
1033 1494 1118 1548 tanta

60 1627 62 1630 ,
113 1555 180 1625 iani'
196 1573 287 1642 parta
308 1559 422 1643 gloria,
440 1579 587 1641 parcere.
628 1559 770 1620 Alteram
797 1558 913 1622 deinde
939 1561 1157 1643 epistolam,27

109 1631 264 1714 ,Philotae
284 1640 411 1706 nomine
432 1639 582 1721 scriptam
598 1639 711 1717 laetus,
732 1639 819 1722 quod
840 1661 880 1702 ex
902 1641 994 1704 vultu
1014 1651 1118 1711 notari

111 1734 253 1802 poterat,
275 1719 414 1800 legebat.
457 1723 539 1778 'l'um
562 1720 629 1780 eius
650 1719 732 1780 latus
754 1719 860 1802 gladio
881 1719 985 1782 haurit
1006 1724 1117 1790 Clean·

115 1805 184 1870 (lor,
214 1798 331 1863 deinde
360 1797 505 1879 iugulum
527 1797 622 1878 l'orit3
650 1803 752 1862 ceteri
780 1799 958 1862 exanimum
986 1823 1118 1894 quoque

114 1880 315 1946 confodiunt.
538 1881 540 1886 ’

163 1985 166 1990 ’
196 1961 240 2018 Et
272 1954 438 2037 armigeri,
476 1953 531 2038 qui
559 1953 599 2014 ad
628 1952 747 2015 aditum
775 1955 914 2018 nemoris
944 1961 1160 2045 astiterant,9

46 2045 50 2056 “
112 2039 246 2120 cognita
268 2035 377 2110 caede,
403 2034 493 2096 cuius
514 2053 607 2097 causa
632 2031 856 2116 ignorabatur,
876 2036 908 2096 in
926 2051 1028 2102 castra
1047 2065 1122 2126 per-

9 2177 10 2180 ,
120 2120 252 2182 veniunt
280 2128 313 2180 et
339 2115 537 2177 tumultuoso
572 2117 686 2178 nuntio
716 2112 834 2178 milites
869 2118 1040 2185 concitant.
1075 2127 1160 2189 ltttm

9 2193 11 2212 ³
118 2200 228 2265 armati
252 2198 292 2258 ed
319 2199 450 2273 nemus,
478 2197 510 2260 in
539 2218 603 2280 quo
625 2205 810 2278 perpetrata
831 2197 945 2259 caedes
966 2215 1046 2282 erat,
1067 2225 1121 2269 cs.

27 2277 31 2285 ’
116 2285 213 2344 liunt:
239 2291 284 2354 et,
307 2276 339 2336 ni
358 2276 546 2356 Polydamas
568 2277 735 2358 ceterique
762 2277 902 2340 eiusdem
923 2301 1025 2345 noxae
1048 2299 1140 2368 parf
1175 2313 1183 2322 ·

111 2361 228 2442 ticipes
251 2358 422 2430 dedantur,
444 2379 569 2420 murum
595 2355 825 2419 circumdatum
846 2363 969 2422 nemori
990 2384 1121 2428 eversu·

114 2459 170 2504 ros
193 2437 387 2508 denuntient,
410 2437 614 2522 omniumque
633 2436 784 2516 sanguine
799 2439 873 2500 duci
886 2443 1120 2522 parentaturos.
1217 2453 1228 2476 ‘

115 2519 273 2585 Cleander
294 2516 453 2598 primores
475 2517 778 2599 corum‘intromitti
798 2517 903 2594 iubet,
932 2521 1158 2610 litterasqueso

118 2600 203 2678 regis
233 2598 369 2676 scriptas
391 2595 431 2654 ad
454 2595 570 2656 milites
591 2596 726 2672 recitat,
755 2598 1023 2680 quibus'insidiae
1046 2609 1122 2665 Par·

25 2721 30 2728 .
119 2679 272 2737 memonis
293 2679 325 2734 in
345 2695 480 2756 regem,
508 2695 705 2759 precesque,
731 2688 767 2737 ut
787 2678 890 2760 ipsum
914 2679 1122 2759 vindicarent,

110 2755 372 2817 continebantur.
405 2755 507 2836 Igitur
528 2757 652 2840 cognita
673 2755 769 2848 regis·
781 2758 946 2818 voluntate
968 2781 1032 2822 non
1076 2764 1161 2828 uisi

120 2833 194 2894 dem
215 2833 405 2916 indignatio,
429 2835 486 2894 sed
507 2847 613 2897 tamen
634 2835 747 2908 seditio
769 2853 952 2916 compressa
974 2851 1032 2904 est.
1052 2785 1122 2904 lti-

119 2914 215 2996 lapsis
247 2909 393 2998 pluribus
431 2913 524 2992 pauci
561 2925 800 2998 remanserunt,
835 2913 908 2998 qui,
945 2919 1057 2984 saltem
1086 2935 1122 2984 ut

171 3205 216 3264 23]
240 3213 272 3252 ut
289 3221 359 3256 eum
378 3205 467 3258 occid.
485 3207 542 3260 Pal.
562 3223 587 3266 ι.

172 3269 216 3338 24)
233 3271 309 3322 Frst.
327 3288 490 3346 conspectus
507 3279 563 3328 sine
584 3288 635 3334 est.
670 3303 704 3316 -
743 3277 820 3333 Voss.
841 3273 866 3332 αξ
886 3290 990 3350 transp.
1010 3278 1122 3348 speciem

119 3340 186 3392 loct.
209 3365 242 3377 -·
260 3341 294 3390 al.
311 3347 499 3416 mutuamque.
518 3376 551 3385 —
569 3346 648 3397 Both.
669 3347 739 3399 coni.
749 3348 872 3418 fitnctis.

170 3409 218 3474 25)
235 3408 264 3456 P.
283 3412 369 3462 omitt.
391 3429 440 3462 rex
457 3421 519 3466 ants
538 3427 642 3483 ageret.
659 3429 692 3457 ‘-
711 3415 769 3475 Pal.
791 3433 814 3473 t.
832 3435 867 3466 es·
884 3413 940 3475 illis
957 3415 997 3484 tte,

70 3506 73 3510 -
173 3475 218 3542 ας)
240 3475 317 3528 Frslr.
336 3483 493 3534 exanimem.
