2686 3876
213 395 244 446 n
563 386 617 461 υ.
639 377 761 444 oraru
779 391 861 442 nunt
931 351 937 358 ⁸

212 541 283 603 ser:
316 537 496 606 Velocitate
509 537 600 621 ‘opus
621 537 686 614 est,
706 535 709 540 ’
764 545 793 598 a'
809 534 1007 600 celeritatem
1025 535 1139 598 'famia
1159 546 1213 598 a'n:

212 621 350 682 tccedas.
398 623 505 682 Noctu
523 621 702 701 'pervenire
716 559 799 680 illue
819 631 852 679 to
876 619 973 690 volo,
993 630 1125 698 postero
1149 619 1211 704 dic²
1310 620 1318 628 ’

180 716 296 786 tuquae
318 701 435 781 scripta
453 710 565 772 erunt,
600 699 740 782 exsequi.
782 699 833 760 Ad
861 699 1105 782 Parmenionem
1132 721 1212 782 qno-

212 797 276 864 quo
299 779 449 862 epistolas
470 779 575 856 feres,
601 775 696 840 unam
724 800 742 839 a
763 801 814 840 me
836 780 968 840 alteram
989 779 1135 838 Philotae
1156 801 1213 840 noa

211 863 296 921 mine
318 859 478 940 scriptam.
525 859 657 941 Signum
685 859 769 918 anuli
796 861 863 921 eius
890 861 922 918 in
952 879 1021 919 mea
1050 857 1211 938 potestate·

212 953 273 1002 est.
316 937 350 998 Si
370 951 463 1021 pater
483 939 596 1000 credet
621 959 638 1000 a
661 939 729 1000 filio
753 939 953 1021 impressum,
975 939 1046 1022 cnm
1067 950 1099 998 ta
1124 940 1213 1004 vide:

212 1021 266 1100 rit,
287 1019 365 1080 nihil
383 1031 517 1082 metuet.
1102 1041 1104 1046 ¹
1149 1076 1152 1080 ,
1190 1037 1211 1102 j

288 1099 492 1180 Polydamas,
511 1110 599 1159 tanto
618 1097 772 1159 liberatus
793 1113 890 1176 metu,
912 1099 1084 1180 impensius
1107 1103 1213 1180 etiam,

213 1195 310 1264 quam
336 1179 541 1262 exigebatur,
572 1178 731 1260 promittit
757 1191 900 1260 operam.
943 1181 1214 1266 (lollaculatusqua

213 1273 246 1322 et
267 1260 431 1342 promissis
454 1271 613 1332 oneratus,
635 1257 780 1339 deposita
803 1273 913 1334 veste,
943 1282 1038 1355 quam
1065 1261 1214 1342 habebat,

179 1341 350 1401 maratica
369 1339 521 1404 induitur.
567 1341 641 1398 Duo
664 1338 802 1414 Arabes,
830 1359 969 1421 quorum
989 1342 1114 1406 mterim
1140 1361 1246 1404 con*¹
1307 1410 1311 1418 Ἰ,

213 1421 304 1505 iuges
328 1439 364 1480 ac
388 1417 498 1496 liberi⁷
530 1418 691 1480 vinculum
712 1416 805 1496 fidei,
835 1419 962 1480 obsides
988 1421 1079 1502 'aprnl
1103 1436 1214 1504 regent

112 1503 117 1508 '
215 1501 318 1577 erant,
339 1499 404 1560 dati
428 1499 571 1562 comites.
614 1499 679 1559 Per
706 1498 834 1560 deserta
863 1499 955 1559 etiam
978 1500 1019 1562 ob
1040 1503 1213 1566 siccitatem

213 1581 284 1640 loca
305 1579 442 1652 camelis,
463 1579 631 1640 undecima
652 1579 722 1655 die,
753 1601 818 1663 quo
841 1579 1070 1654 destinaverat,
1100 1573 1215 1664 pcr'vel

179 1659 312 1722 leniunt.
352 1661 401 1720 Et.
415 1659 503 1740 prius
525 1681 619 1742 quam
640 1659 737 1740 ipsius
757 1661 957 1720 nuntiaretur
977 1661 1215 1723 adventassem

215 1761 268 1800 sus
289 1739 475 1819 Polydamas
498 1751 618 1800 vestem
643 1741 881 1802 Macedonicam
910 1739 1022 1818 sumit,
1053 1740 1086 1803 et
1111 1744 1141 1802 in
1167 1746 1216 1803 ‘taz

214 1820 421 1880 hernaculum
439 1820 590 1882 Cleandri
612 1821 760 1901 (praetor
780 1821 832 1883 hic
858 1823 965 1902 regius
988 1820 1071 1902 erat)
1102 1831 1215 1906 quarta

169 1899 323 1982 novigilia
346 1901 503 1982 pervenit.
555 1901 701 1962 Redditis
728 1902 842 1964 deinde
877 1903 1012 1976 littoris,
1047 1905 1216 1965 constitue*

203 1981 290 2041 'runt
309 1983 413 2062 prima
432 1982 505 2046 luce
527 1981 567 2040 ad
586 1983 832 2043 Parmenionem
855 1984 973 2047 coire..
995 1987 1140 2066 Namque
1165 2003 1216 2044 ce-

218 2061 297 2120 teris
330 2079 464 2155 quoque
488 2061 612 2121 litteras
642 2061 728 2140 regis
762 2062 923 2120 attulerat.
969 2065 1034 2122 lam
1068 2064 1118 2122 ad
1143 2074 1216 2123 eum

218 2152 345 2199 ventum
370 2151 479 2215 erant,
509 2159 582 2199 cum
610 2139 812 2200 Parmenioni
838 2139 1065 2218 Polydamanta
1092 2143 1217 2204 venisse

183 2219 449 2280 amandaverant.
489 2217 556 2310 Qui
577 2217 653 2278 dum
674 2219 812 2278 laetatur
827 2219 966 2278 adventu
986 2221 1088 2299 antici,
1110 2223 1217 2282 simul-

218 2318 281 2380 que
302 2298 463 2374 noscendi‚
485 2318 567 2379 quae
588 2317 647 2357 rex
667 2309 787 2380 ageret,
809 2297 935 2372 avidus,
963 2301 1033 2381 (qui
1058 2323 1099 2383 pe
1119 2302 1217 2386 longo

217 2377 387 2440 intervallo
408 2377 525 2437 nullam
547 2377 586 2437 ab
608 2393 648 2436 eo
670 2378 835 2458 epistolam
858 2323 1054 2459 acceperaul
1083 2383 1217 2462 Polyda·

182 2467 321 2516 22manta
340 2477 377 2516 re
403 2457 465 2516 uiri
483 2456 581 2517 iubet.
609 2457 798 2518 Diversoria
818 2459 958 2539 regionis
981 2460 1064 2520 illius
1086 2483 1217 2541 magnos

217 2549 365 2597 recessus
380 2479 506 2597 liabent
526 2540 743 2619 amoenosque
763 2537 946 2599 nemoribus
962 2560 1055 2600 manu
1071 2541 1217 2618 consitis3

219 2637 257 2678 ea
287 2617 462 2698 praecipue
502 2633 613 2698 regum
650 2628 911 2701 satraparumque
953 2620 1102 2702 voluptas
1140 2635 1217 2710 crat.

271 2943 315 3012 15)
333 2960 458 3011 pervorsa
476 2947 551 2998 Voss.
573 2961 597 2996 2.
617 2947 672 2996 Pal.
693 2957 715 2996 1.
734 2962 815 3014 quum
833 2947 986 3012 cetu-itata
1007 2962 1100 2998 vocem
1110 2947 1221 3014 simma·

220 3029 303 3078 quom
321 3013 354 3062 ab
373 3023 440 3082 optt.
461 3015 549 3067 Godd.
569 3031 623 3066 non
641 3023 810 3082 agnoscatur.
830 3018 937 3086 Zumpt.
958 3018 1032 3068 uncis
1056 3017 1173 3068 inclusit.
1186 3042 1217 3054 -

214 3079 261 3145 ¹Fl.
278 3089 398 3149 postero.

272 3149 313 3215 16)
331 3147 407 3204 Frslr,
435 3150 476 3199 sic
493 3160 575 3218 pater
595 3148 719 3200 credens.

273 3218 314 3282 17)
336 3218 416 3282 vulgo
434 3219 567 3286 praemiis
586 3232 728 3270 oneramus.

272 3285 313 3354 13)
332 3285 407 3336 Both.
427 3304 459 3338 cx
479 3289 568 3353 glossa
587 3287 724 3355 irrepsisse
742 3296 819 3356 putat
838 3305 898 3338 voc.
919 3286 1036 3344 obsides,
1063 3319 1095 3328 ·-
1131 3290 1218 3338 u'ccr't.

223 3351 280 3409 loci
296 3361 323 3404 et
345 3353 468 3405 locorum
487 3357 531 3406 all.
551 3382 583 3390 —-
602 3357 678 3408 Voss.
698 3372 722 3406 2.
741 3355 892 3409 urzdccimo.

276 3428 319 3487 19]
338 3424 377 3471 Fl.
397 3425 471 3474 Laid.
491 3424 567 3474 Voss.
589 3441 609 3473 r.
630 3442 654 3476 a.
672 3426 756 3491 Bong.
776 3425 833 3475 Pal.
856 3441 878 3474 s.
897 3421 961 3493 ipsi.

272 3487 490 3558 21)mmtintnm
510 3503 570 3542 crat
590 3495 634 3544 all.
