2686 3876
432 366 878 434 oecumenicarum.
1112 373 1149 428 ω

131 537 327 618 ,graecaque
347 517 452 600 epulis
483 528 517 579 et
544 535 668 579 sommo
697 515 886 597 intempesta
918 527 1014 580 nocta
1043 517 1148 580 adorti

126 601 393 664 .rnterlecerunt.
423 597 606 660 Alexander
633 594 720 656 haud
742 615 845 664 secus,
871 618 965 680 quam
987 617 1046 680 par
1067 611 1183 674 eretur

128 694 264 749 motus,
286 679 400 740 urbem
421 697 542 740 corona
564 673 790 742 circumdedit,
812 677 1027 752 munitiorem,
1051 701 1147 762 quam

127 774 182 824 ¹ut
239 761 320 822 rimo
342 759 467 840 impetu
488 756 559 839 capi
580 765 701 839 posset.
742 755 853 838 ltaque
886 757 1085 842 Meleagrum
1113 771 1148 821 et

143 783 334 904 Perdiccam
357 839 390 900 in
412 837 612 900 obsidionem
633 833 753 917 iungit,
785 835 987 917 Cyropolim,
1018 851 1053 900 ut
1074 851 1147 900 ante

130 923 348 990 dictumest,
371 918 565 981 obsidentes.
594 914 758 976 Statuerat
779 925 885 976 autem
916 936 1049 996 parcere
1075 919 1186 982 urhiao

149 1001 297 1064 conditae
320 1022 337 1060 a
359 1001 461 1079 Cyro,
483 997 604 1081 quippe
633 1017 696 1057 non
723 995 818 1056 alium
848 996 990 1076 gentium
1020 998 1147 1062 illarum

129 1083 247 1164 magis
280 1079 452 1140 admiratus
480 1089 547 1148 est,
576 1097 671 1160 quam
704 1074 790 1139 hunc
818 1094 932 1157 regem
954 1087 988 1136 et
1010 1077 1146 1141 Semira-

143 1163 227 1239 min,
262 1179 343 1243 quos
373 1169 406 1220 et
443 1149 659 1238 magnitudine
688 1157 783 1218 animi
812 1167 846 1218 et
871 1155 1017 1223 claritate
1037 1180 1146 1222 rerum

144 1242 243 1324 longe
265 1238 431 1300 emicuisse
462 1238 624 1302 credebat.
667 1239 820 1298 Ceterum
849 1235 1025 1319 pertinacia
1056 1241 1181 1320 oppius
1219 1263 1224 1273 =

147 1322 304 1382 danorum
333 1317 411 1380 iram
436 1320 503 1380 eius
534 1318 688 1384 accendit.
730 1319 842 1401 ltaque
874 1327 996 1456 captam
1030 1319 1146 1380 urbem

147 1399 244 1482 diripi
264 1399 353 1460 iussit
375 1411 408 1461 et
429 1399 540 1461 deleri.
584 1402 668 1460 Tum
696 1397 888 1458 Memacenis
940 1397 1000 1458 aud
1033 1399 1146 1460 iniuria

133 1479 279 1552 ,infestus
300 1479 338 1541 ad
359 1481 556 1564 Meleagrum
583 1492 616 1540 et
644 1478 833 1540 Perdiccam
860 1477 955 1538 redit.
995 1477 1061 1541 Sed
1082 1490 1181 1542 nouat

144 1561 204 1622 alia
225 1559 302 1622 urbs
327 1560 444 1622 fortius
469 1559 670 1622 obsidionem
691 1558 783 1620 tulit:
830 1558 862 1618 ui
886 1579 927 1638 pe
954 1569 988 1619 et
1009 1561 1144 1624 militum

167 1640 352 1703 romtissimi
373 1639 534 1708 cecidere,
557 1650 590 1700 et
612 1639 681 1733 ipse
701 1658 760 1700 rex
781 1579 827 1698 ad
848 1579 994 1701 ultimum
1015 1642 1142 1723 pericu-

141 1663 209 1784 lum
233 1721 328 1784 venit.
372 1723 517 1816 Namque
543 1725 653 1778 cervix
674 1719 742 1780 eius
778 1737 854 1778 saxo
879 1717 923 1778 ita
943 1719 1006 1780 icta
1027 1733 1086 1791 est,
1108 1730 1144 1786 ut

130 1801 244 1864 'oculis
265 1801 400 1881 caligine
422 1801 525 1859 otiusa
547 1797 787 1866 collaberetur,
818 1817 859 1858 ne
879 1799 993 1858 mentis
1013 1801 1144 1883 quidem

144 1898 294 1960 compos3
325 1878 484 1938 exercitus
511 1887 601 1937 certe
633 1877 724 1937 relut
762 1886 876 1955 erepto
912 1896 952 1937 eo
980 1877 1141 1960 ingemuit.

144 1958 211 2020 Sed
228 1958 364 2020 invictus
386 1957 538 2019 adversus
560 1976 615 2024 ea,
640 1976 721 2050 quac
745 1965 873 2016 ceteros
899 1965 1039 2027 terrent,
1066 1971 1184 2020 non-at

145 2041 222 2100 dum
242 2048 415 2120 percurato
438 2037 572 2098 vulnere
595 2056 699 2098 acrius
721 2034 882 2097 obsidioni
904 2034 1032 2107 institit,
1053 2051 1144 2100 natu·

131 2119 246 2182 ‚ralem
266 2117 464 2182 celeritatem
493 2116 540 2177 ira
562 2117 752 2182 concitante.
798 2115 954 2177 Cuniculo
978 2136 1056 2200 ergo
1078 2119 1144 2181 suf·

143 2199 233 2262 l'ossa
257 2199 383 2264 moenia
402 2198 513 2282 ingens
534 2197 697 2258 nudavere
718 2197 874 2280 spatium,
909 2217 971 2278 per
994 2199 1081 2283 quod
1100 2199 1143 2262 ir·

75 2298 77 2310 ·
142 2281 239 2362 rupit,
262 2281 429 2363 victorque
451 2277 566 2339 urbem
587 2277 671 2344 dirui
691 2279 792 2342 iussit.
1147 2313 1150 2318 ι

133 2407 136 2412 -
223 2361 306 2422 Hinc
334 2359 557 2420 Menedemum
590 2379 662 2420 oum
696 2360 738 2420 lll
773 2358 899 2420 milibus
933 2359 1080 2452 peditum
1107 2373 1182 2440 etstss

132 2440 258 2508 DCCC
281 2439 445 2524 equitibus
475 2437 516 2500 ad
541 2437 656 2510 urbem
682 2437 870 2502 Maracanda
900 2441 996 2502 misit.
1038 2439 1141 2524 Spita·
1179 2487 1180 2490 ,

133 2567 342 2588 'nn—nnn...-

194 2639 429 2708 19)B.a.voss.
451 2657 474 2693 ι.
495 2642 525 2692 in
547 2641 696 2694 obsidione.

147 2743 149 2754 .
191 2710 236 2774 ao)
259 2708 334 2759 Frslr.
358 2713 387 2760 in
413 2711 477 2780 quis
501 2721 528 2762 et
553 2710 768 2779 magnitudinem
793 2709 882 2762 animi
911 2719 938 2760 et
971 2710 1153 2777 claritatum·

100 2808 105 2820 .
145 2791 215 2855 quos
235 2775 331 2904 eldibd
340 2777 591 2896 Codditqdd.:{spdt
605 2783 703 2845 nullus,
727 2779 803 2847 quod
821 2779 889 2843 scio,
909 2779 997 2828 omitt.
1014 2793 1141 2848 praepos.

145 2859 184 2894 ιη.
203 2868 237 2879 -
287 2859 302 2892 0
359 2861 412 2894 omi
439 2863 508 2900 ,cre
530 2865 543 2896 e
562 2865 599 2896 a.

195 2915 242 2975 21)
261 2912 280 2959 F
283 2910 336 2961 rsh.
355 2920 456 2992 transp.
474 2915 533 2964 eius
552 2916 673 2965 irom-
689 2913 767 2979 vulgo
786 2910 904 2983 diripere
924 2915 1005 2966 iussit
1023 2911 1141 2970 delector

142 2977 310 3034 Macedones
329 2978 407 3030 hored
422 2982 527 3032 iniuria
547 2981 670 3050 infestos,
689 2979 850 3043 crudete,
871 2983 906 3032 itu
927 2981 1035 3055 quidem
1053 2985 1139 3051 tntu

143 3047 232 3102 Codd.
252 3046 338 3115 diripi
353 3049 436 3098 iussit
463 3048 578 3101 delectae
604 3049 716 3116 (delete)
741 3047 912 3102 lllueedones
939 3049 1015 3103 desid
1038 3053 1140 3105 iniuria

142 3115 260 3191 infimos
278 3115 332 3178 ud,·
350 3117 509 3185 Zumptiana
525 3120 607 3170 lectio
620 3118 715 3168 nititur
732 3118 1024 3172 conlecturadcidalii:
1046 3122 1139 3193 r'taque
1199 3175 1203 3181 ,

143 3197 248 3256 ceptum
268 3185 361 3237 urbem
378 3183 465 3254 diripi
483 3186 574 3241 iussit.
607 3187 717 3246 Deleto,'
738 3183 907 3238 alemannis
931 3187 1010 3252 haud
1033 3187 1140 3250 iniuria

130 3253 271 3373 ¹r'pflutupi,
290 3271 369 3322 quam
386 3254 463 3308 raldo
482 3255 582 3323 prebat
598 3256 736 3322 liaderua3
759 3253 828 3307 Cod.
840 3256 959 3312 Tlreoer.
975 3255 1064 3324 diripi
1082 3259 1148 3310 ius·¹

117 3394 119 3400 ’
143 3324 369 3530 ζιὲᾗάῐξξοῖᾎ.
384 3401 487 3463 usurp.
505 3393 547 3445 ita
565 3397 645 3445 earo.
680 3419 714 3435 ·-
749 3393 784 3448 al·
803 3389 904 3465 qffuu’r
922 3390 1019 3468 contra
1037 3380 1139 3463 codd,

203 3476 219 3510 o
260 3477 338 3512 .con
352 3477 413 3514 usa.

181 3547 289 3601 Curtius
305 3551 354 3603 111.
855 3515 858 3522 Ι
901 3557 922 3609 3
971 3517 976 3530 ¹
