2688 3872
196 369 244 420 tto
463 380 466 388 ·
526 385 531 391 ·
554 357 587 425 Q.
605 355 721 408 CURTH
743 357 820 409 RUFI
849 389 852 400 ·

191 513 271 572 tant.
312 508 384 590 lpse
404 507 508 567 Porus
528 505 682 582 humanae
704 507 925 590 magnitudinis
952 509 1188 650 propemodum

193 600 372 650 excesserat
398 586 541 648 formam
585 587 789 668 Magnitudini
827 591 948 651 Pori'a
973 591 1070 650 iioer'e
1101 591 1188 650 vide·

191 661 283 729 batur
304 664 408 740 belua,
431 689 491 750 qua
513 665 701 742 vehebatur,-
722 680 841 728 tantum
865 669 948 730 inter
969 681 1092 730 ceteras·
1113 670 1189 730 enti·

156 763 277 814 ttuens,
300 759 417 828 quanto
440 747 505 806 aliis
528 747 597 827 ipse
623 747 816 826 praestabat.
859 751 969 832 ltaque
997 749 1189 826 Alexander,

190 826 420 906 contemplatus
451 837 484 885 et
514 846 625 907 regem
657 837 688 885 et
711 847 823 907 agmen
847 829 1013 895 ludorum,
1035 828 1188 902 Tandem,

189 904 300 990 inquit,
322 925 380 984 par
405 905 507 966 altimo
535 925 606 964 meo
628 906 807 970 periculum
830 906 937 970 video
976 909 1055 966 Cum
1079 905 1188 967 bestiis

155 987 281 1050 tttimul
303 996 427 1044 etcum
449 983 588 1076 egregiis
610 973 685 1043 viris
706 1005 758 1044 res
782 995 840 1056 est,
889 987 1079 1068 Intuensque
1105 987 1187 1046 Coe-

188 1087 262 1128 non.
283 1066 362 1124 Cum
383 1083 456 1143 ego,
477 1063 589 1144 inquit,
610 1064 796 1124 Ptolemaeo
821 1065 1043 1146 Perdiccaque
1066 1075 1098 1124 et
1118 1067 1184 1125 He·

187 1143 373 1226 phaustione
395 1141 561 1202 comitatus
584 1142 615 1201 in
643 1143 769 1202 laevum
797 1141 935 1203 hostium
963 1164 1064 1204 cornu
1086 1143 1185 1224 impe·

187 1235 254 1283 tum
275 1223 396 1292 secero,
417 1221 600 1302 viderisque
619 1242 667 1280 me
683 1222 714 1280 in
730 1221 834 1283 medio
851 1223 968 1283 ardore
991 1223 1184 1301 certaminis,

186 1305 256 1384 ipse
278 1303 425 1361 dextrum
446 1319 550 1366 move,
573 1311 605 1360 et
625 1301 761 1360 turbatis
781 1300 877 1382 ‚signa
906 1301 1003 1365 infer,
1046 1304 1095 1360 Tu
1120 1303 1190 1364 An·'

186 1385 306 1464 tigene,
329 1392 361 1439 et
382 1389 418 1438 tu
439 1380 611 1447 Leonnato,
634 1389 666 1438 et
686 1383 826 1455 Tauron,
848 1379 1039 1440 invehemini
1053 1381 1092 1442 in
1118 1401 1180 1441 me·

152 1458 271 1523 tetiam
307 1459 435 1532 aciem,
457 1469 490 1517 et
519 1457 670 1539 urgebitis
698 1458 848 1523 frontem.
906 1462 1024 1520 Hastae
1053 1471 1182 1521 nostrae

156 1540 159 1548 ’
210 1541 379 1619 raelongae
404 1547 437 1596 et
465 1535 588 1596 validae
609 1557 671 1596 non
693 1537 767 1596 alias
794 1539 891 1620 tnagis
914 1560 1006 1621 quam
1027 1537 1180 1598 adversus

186 1553 295 1680 heluus
315 1627 526 1696 rectoresque
552 1637 660 1675 earum
684 1617 756 1675 usui
782 1637 851 1677 esse
872 1629 1043 1699 poterunt:
1072 1617 1181 1678 detur·

186 1700 260 1759 bete
284 1714 358 1768 eos,
386 1696 441 1789 qui
463 1694 636 1772 vehuntur,
665 1708 698 1756 et
726 1695 810 1776 ipsas
834 1697 1007 1758 conl'odlte.
1053 1699 1181 1777 Anceps

187 1781 288 1860 'genus
314 1775 418 1835 auxilii
441 1785 508 1850 est,
538 1775 622 1834 etin
650 1793 725 1836 suos
748 1776 849 1836 acrius
870 1775 958 1838 furit.
1000 1778 1035 1834 ln
1055 1775 1182 1835 hostem

155 1857 270 1918 ¹7enim
294 1856 448 1935 imperio,
472 1854 502 1913 in
524 1871 598 1916 suos
619 1869 739 1934 patore
761 1851 873 1938 agitur.
916 1857 1004 1914 Haec
1033 1855 1180 1915 elocutus

152 1947 160 1971 '³
187 1937 322 1998 'concitat
343 1954 459 2016 equum
487 1935 625 2012 primus3
650 1935 805 2016 iamque,
824 1932 866 1994 'ut'
892 1934 1079 1994 destinatum
1102 1946 1181 2010 erat,

184 2009 342 2076 invaserat
364 2013 490 2072 ordines
512 2013 665 2089 hostium,
694 2033 765 2072 cum
787 2014 912 2073 Coenus
942 2008 1061 2093 ingenti
1088 2013 1119 2072 vi
1148 2013 1180 2072 in

154 2097 311 2156 ¹8laevum
332 2109 432 2152 cornu
452 2091 622 2155 invehitur.
663 2092 804 2151 Phalanx
824 2112 955 2175 quoque
977 2091 1111 2151 mediam
1130 2093 1178 2150 In-

185 2163 300 2236 dorum
322 2171 421 2231 aciem
442 2191 505 2228 uno
526 2171 647 2250 impetu
666 2191 762 2251 perru
790 2171 822 2230 it.

143 2255 185 2322 49
264 2253 307 2312 At
326 2253 440 2320 Porus,
464 2270 526 2330 qua
547 2249 686 2330 equitem
700 2189 806 2309 invehi
821 2261 972 2325 senserat,
995 2249 1106 2309 beluas
1129 2249 1178 2331 agi

184 2322 293 2392 iussit:
321 2327 377 2388 sed
405 2328 529 2386 tardum
559 2339 592 2387 et
620 2349 720 2407 paene
751 2329 911 2388 immobile
940 2329 1051 2388 animal
1075 2348 1176 2409 equo·

183 2432 254 2471 rum
277 2405 477 2469 velocitatem
500 2427 536 2464 ae
561 2427 638 2466 uare
659 2430 721 2468 non
743 2420 879 2487 poterat.
914 2410 962 2466 Ne
985 2407 1172 2489 sagittarum

147 2489 307 2572 {squidem
335 2484 418 2546 ullus
447 2496 514 2544 erat
540 2427 684 2546 iubaris
711 2501 797 2549 usus.
840 2487 968 2574 Quippe
998 2487 1111 2567 longae
1141 2497 1174 2543 et

182 2581 384 2650 praegraves,
405 2563 463 2622 nisi
483 2564 571 2644 prius
593 2565 730 2625 interra
752 2575 925 2625 statuerent
950 2583 1068 2636 arcum,
1088 2561 1173 2622 haud
1263 2593 1269 2601 ·

182 2647 256 2708 satis
281 2659 353 2728 apte
378 2653 411 2701 et
431 2642 597 2704 commode
617 2643 839 2726 imponuntur:
863 2655 930 2704 tum
954 2643 1050 2704 humo
1072 2641 1174 2701 lubri-

181 2807 371 2823 ——n-a--u

181 2907 242 2966 post
261 2894 455 2962 magnitudini.
474 2925 507 2937 -
526 2899 560 2948 al.
580 2908 712 2968 qttuutum
732 2907 826 2948 contra
847 2897 934 2950 Codd.
999 2956 1004 2959 .

189 3023 191 3029 k
235 2965 277 3030 15)
297 2965 370 3014 Frsh.
395 2965 553 3014 iriuebimini
570 2983 601 3016 ex
618 2973 720 3014 auctor.
748 2965 845 3030 Codd.;
869 2969 974 3033 Zumpt,
1001 2964 1076 3017 dedit
1100 2968 1172 3016 coni.

182 3034 294 3096 Heinsii3
313 3035 368 3084 Pal.
390 3047 411 3084 Ι.
432 3051 487 3081 iton
505 3031 591 3082 iuvelt.
609 3034 638 3081 iu
663 3030 728 3080 med.
755 3035 838 3081 aciem
864 3032 914 3084 sed
938 3049 1016 3100 μνέας
1043 3034 1118 3083 Mod.
1139 3035 1172 3083 al.

182 3099 269 3151 durch.
287 3118 342 3148 non
360 3101 388 3147 iu
404 3098 470 3148 med.
492 3103 575 3149 aciem
593 3097 642 3148 sed
657 3097 798 3160 rtr‘gebitis.

238 3165 373 3232 17)Lrid.
393 3167 468 3216 Voss.
494 3175 516 3221 1.
542 3167 621 3232 Boug.
642 3168 726 3215 omitt.
747 3169 777 3216 iu
802 3177 862 3217 ante
890 3165 1002 3216 medium
1034 3165 1096 3215 Iud.
1120 3182 1171 3230 au,

182 3235 261 3300 qnod-
277 3235 356 3284 habet
374 3231 467 3296 Frsh.;
495 3234 566 3284 idem
590 3231 736 3301 prorupit,
763 3236 810 3285 sed
836 3237 874 3284 Fl.
902 3235 983 3300 flung.
1010 3235 1173 3303 perrumpit,

130 3333 133 3340 ·
182 3301 256 3350 Leid.
275 3303 352 3352 Voss.
371 3301 507 3368 perrupit.
1240 3350 1253 3364 ⁶

185 3361 194 3386 ²
233 3374 275 3423 19]
295 3367 360 3416 Frsh
391 3368 647 3436 longas-imponunt
667 3375 759 3418 contrat
781 3373 848 3436 opit.
872 3367 958 3419 Codd.
977 3367 1009 3407 ιε-’
1039 3367 1111 3418 idem
1128 3383 1172 3418 oc·

182 3434 362 3503 eripiebantur.
