<?xml version="1.0" encoding="UTF-8"?>
<!DOCTYPE html PUBLIC "-//W3C//DTD XHTML 1.0 Transitional//EN"
    "http://www.w3.org/TR/xhtml1/DTD/xhtml1-transitional.dtd">
<html xmlns="http://www.w3.org/1999/xhtml" xml:lang="en" lang="en">
 <head>
  <title>
</title>
<meta http-equiv="Content-Type" content="text/html;charset=utf-8" />
  <meta name='ocr-system' content='tesseract 3.04.00' />
  <meta name='ocr-capabilities' content='ocr_page ocr_carea ocr_par ocr_line ocrx_word'/>
</head>
<body>
  <div class='ocr_page' id='page_1' title='image "./degestisalexand00baumgoog_0066.png"; bbox 0 0 2686 3876; ppageno 0'>
   <div class='ocr_carea' id='block_1_1' title="bbox 181 364 812 437">
    <p class='ocr_par' dir='ltr' id='par_1_1' title="bbox 181 364 812 437">
     <span class='ocr_line' id='line_1_1' title="bbox 181 364 812 437; baseline 0.006 -18"><span class='ocrx_word' id='word_1_1' title='bbox 181 377 215 429; x_wconf 52' lang='grc' dir='ltr'>Μ</span> <span class='ocrx_word' id='word_1_2' title='bbox 380 387 383 395; x_wconf 89' lang='lat'>·</span> <span class='ocrx_word' id='word_1_3' title='bbox 411 411 413 415; x_wconf 77' lang='grc'>,</span> <span class='ocrx_word' id='word_1_4' title='bbox 537 365 578 437; x_wconf 74' lang='lat' dir='ltr'><strong>a.</strong></span> <span class='ocrx_word' id='word_1_5' title='bbox 596 364 715 424; x_wconf 80' lang='lat' dir='ltr'><strong>curru</strong></span> <span class='ocrx_word' id='word_1_6' title='bbox 731 364 812 422; x_wconf 80' lang='lat' dir='ltr'><strong>rura</strong></span> 
     </span>
    </p>
   </div>
   <div class='ocr_carea' id='block_1_2' title="bbox 181 487 1175 722">
    <p class='ocr_par' dir='ltr' id='par_1_2' title="bbox 181 487 1175 722">
     <span class='ocr_line' id='line_1_2' title="bbox 182 487 1175 580; baseline -0.004 -10"><span class='ocrx_word' id='word_1_7' title='bbox 182 527 246 570; x_wconf 76' lang='lat' dir='ltr'><strong>anus</strong></span> <span class='ocrx_word' id='word_1_8' title='bbox 259 517 389 569; x_wconf 79' lang='lat' dir='ltr'><strong>&#39;fatidicae</strong></span> <span class='ocrx_word' id='word_1_9' title='bbox 404 488 559 568; x_wconf 68' lang='lat' dir='ltr'><strong>Alerander</strong></span> <span class='ocrx_word' id='word_1_10' title='bbox 578 530 671 568; x_wconf 86' lang='lat' dir='ltr'><strong>eorum</strong></span> <span class='ocrx_word' id='word_1_11' title='bbox 687 494 787 568; x_wconf 83' lang='lat' dir='ltr'><strong>insidiis</strong></span> <span class='ocrx_word' id='word_1_12' title='bbox 806 487 978 572; x_wconf 82' lang='lat' dir='ltr'><strong>subtrahitur.</strong></span> <span class='ocrx_word' id='word_1_13' title='bbox 1003 502 1064 580; x_wconf 67' lang='lat' dir='ltr'><strong>iai)</strong></span> <span class='ocrx_word' id='word_1_14' title='bbox 1081 512 1117 566; x_wconf 86' lang='lat' dir='ltr'><strong>Et</strong></span> <span class='ocrx_word' id='word_1_15' title='bbox 1132 513 1175 567; x_wconf 87' lang='lat' dir='ltr'><strong>illi</strong></span> 
     </span>
     <span class='ocr_line' id='line_1_3' title="bbox 182 583 1174 653; baseline 0.001 -18"><span class='ocrx_word' id='word_1_16' title='bbox 182 587 290 653; x_wconf 76' lang='lat' dir='ltr'><strong>qtridem</strong></span> <span class='ocrx_word' id='word_1_17' title='bbox 319 603 377 637; x_wconf 89' lang='lat' dir='ltr'><strong>rem</strong></span> <span class='ocrx_word' id='word_1_18' title='bbox 396 583 538 651; x_wconf 82' lang='lat' dir='ltr'><strong>differunt,</strong></span> <span class='ocrx_word' id='word_1_19' title='bbox 559 584 612 647; x_wconf 37' lang='lat' dir='ltr'><strong>sed,</strong></span> <span class='ocrx_word' id='word_1_20' title='bbox 634 585 793 652; x_wconf 83' lang='lat' dir='ltr'><strong>Epimenes,</strong></span> <span class='ocrx_word' id='word_1_21' title='bbox 814 600 881 633; x_wconf 87' lang='lat' dir='ltr'><strong>unus</strong></span> <span class='ocrx_word' id='word_1_22' title='bbox 906 601 937 635; x_wconf 84' lang='lat' dir='ltr'><strong>cx</strong></span> <span class='ocrx_word' id='word_1_23' title='bbox 956 584 1111 647; x_wconf 87' lang='lat' dir='ltr'><strong>coniuratis,</strong></span> <span class='ocrx_word' id='word_1_24' title='bbox 1129 599 1174 636; x_wconf 83' lang='lat' dir='ltr'><strong>re·</strong></span> 
     </span>
     <span class='ocr_line' id='line_1_4' title="bbox 181 651 1175 722; baseline -0.002 -18"><span class='ocrx_word' id='word_1_25' title='bbox 181 663 264 722; x_wconf 84' lang='lat' dir='ltr'><strong>pente</strong></span> <span class='ocrx_word' id='word_1_26' title='bbox 283 663 399 704; x_wconf 88' lang='lat' dir='ltr'><strong>mutatus</strong></span> <span class='ocrx_word' id='word_1_27' title='bbox 417 653 568 722; x_wconf 81' lang='lat' dir='ltr'><strong>Eurylocho</strong></span> <span class='ocrx_word' id='word_1_28' title='bbox 596 653 671 705; x_wconf 86' lang='lat' dir='ltr'><strong>iratri</strong></span> <span class='ocrx_word' id='word_1_29' title='bbox 699 652 763 720; x_wconf 92' lang='lat' dir='ltr'><strong>quid</strong></span> <span class='ocrx_word' id='word_1_30' title='bbox 780 661 918 720; x_wconf 88' lang='lat' dir='ltr'><strong>pararetur</strong></span> <span class='ocrx_word' id='word_1_31' title='bbox 935 651 1044 716; x_wconf 87' lang='lat' dir='ltr'><strong>indicat,</strong></span> <span class='ocrx_word' id='word_1_32' title='bbox 1065 652 1111 717; x_wconf 88' lang='lat' dir='ltr'><strong>qui</strong></span> <span class='ocrx_word' id='word_1_33' title='bbox 1129 667 1175 702; x_wconf 82' lang='lat' dir='ltr'><strong>ea·</strong></span> 
     </span>
    </p>
   </div>
   <div class='ocr_carea' id='block_1_3' title="bbox 178 713 1258 788">
    <p class='ocr_par' dir='ltr' id='par_1_3' title="bbox 178 713 1258 788">
     <span class='ocr_line' id='line_1_5' title="bbox 178 713 1258 788; baseline -0.003 -17"><span class='ocrx_word' id='word_1_34' title='bbox 178 719 246 772; x_wconf 86' lang='lat' dir='ltr'><strong>¹dem</strong></span> <span class='ocrx_word' id='word_1_35' title='bbox 268 731 348 773; x_wconf 89' lang='lat' dir='ltr'><strong>nocte</strong></span> <span class='ocrx_word' id='word_1_36' title='bbox 367 739 428 773; x_wconf 87' lang='lat' dir='ltr'><strong>cum</strong></span> <span class='ocrx_word' id='word_1_37' title='bbox 445 723 492 783; x_wconf 82' lang='lat' dir='ltr'><strong>illp</strong></span> <span class='ocrx_word' id='word_1_38' title='bbox 511 722 655 788; x_wconf 81' lang='lat' dir='ltr'><strong>inregiam</strong></span> <span class='ocrx_word' id='word_1_39' title='bbox 675 721 791 772; x_wconf 87' lang='lat' dir='ltr'><strong>accurrit</strong></span> <span class='ocrx_word' id='word_1_40' title='bbox 814 735 924 786; x_wconf 85' lang='lat' dir='ltr'><strong>remque</strong></span> <span class='ocrx_word' id='word_1_41' title='bbox 949 718 1093 770; x_wconf 88' lang='lat' dir='ltr'><strong>deiertad</strong></span> <span class='ocrx_word' id='word_1_42' title='bbox 1110 720 1175 770; x_wconf 89' lang='lat' dir='ltr'><strong>Ale·</strong></span> <span class='ocrx_word' id='word_1_43' title='bbox 1218 713 1221 718; x_wconf 62' lang='grc'><em>’</em></span> <span class='ocrx_word' id='word_1_44' title='bbox 1254 763 1258 768; x_wconf 94' lang='grc'><em>.</em></span> 
     </span>
    </p>
   </div>
   <div class='ocr_carea' id='block_1_4' title="bbox 105 786 1179 1538">
    <p class='ocr_par' dir='ltr' id='par_1_4' title="bbox 105 786 1179 1472">
     <span class='ocr_line' id='line_1_6' title="bbox 182 786 1176 856; baseline -0.001 -16"><span class='ocrx_word' id='word_1_45' title='bbox 182 789 321 844; x_wconf 83' lang='lat' dir='ltr'><strong>xandrum.</strong></span> <span class='ocrx_word' id='word_1_46' title='bbox 358 790 498 840; x_wconf 89' lang='lat' dir='ltr'><strong>Coniurati</strong></span> <span class='ocrx_word' id='word_1_47' title='bbox 531 789 716 856; x_wconf 80' lang='lat' dir='ltr'>comprehensi</span> <span class='ocrx_word' id='word_1_48' title='bbox 747 788 905 838; x_wconf 84' lang='lat' dir='ltr'><strong>vinciuntur.</strong></span> <span class='ocrx_word' id='word_1_49' title='bbox 949 786 1006 855; x_wconf 73' lang='lat' dir='ltr'><strong>(ad)</strong></span> <span class='ocrx_word' id='word_1_50' title='bbox 1033 787 1176 839; x_wconf 78' lang='lat' dir='ltr'>Advocato</span> 
     </span>
     <span class='ocr_line' id='line_1_7' title="bbox 181 855 1179 926; baseline -0.004 -18"><span class='ocrx_word' id='word_1_51' title='bbox 181 859 306 922; x_wconf 81' lang='lat' dir='ltr'><strong>consilio,</strong></span> <span class='ocrx_word' id='word_1_52' title='bbox 322 857 450 926; x_wconf 90' lang='lat' dir='ltr'><strong>producti</strong></span> <span class='ocrx_word' id='word_1_53' title='bbox 469 859 525 908; x_wconf 88' lang='lat' dir='ltr'><strong>sine</strong></span> <span class='ocrx_word' id='word_1_54' title='bbox 543 873 622 924; x_wconf 82' lang='lat' dir='ltr'><strong>mora</strong></span> <span class='ocrx_word' id='word_1_55' title='bbox 643 857 820 920; x_wconf 85' lang='lat' dir='ltr'><strong>confitentur,</strong></span> <span class='ocrx_word' id='word_1_56' title='bbox 839 864 866 906; x_wconf 88' lang='lat' dir='ltr'><strong>et</strong></span> <span class='ocrx_word' id='word_1_57' title='bbox 882 856 1048 918; x_wconf 74' lang='lat' dir='ltr'><strong>Hermolaus,</strong></span> <span class='ocrx_word' id='word_1_58' title='bbox 1068 869 1116 907; x_wconf 89' lang='lat' dir='ltr'><strong>cur</strong></span> <span class='ocrx_word' id='word_1_59' title='bbox 1136 855 1179 904; x_wconf 85' lang='lat' dir='ltr'><strong>ia·</strong></span> 
     </span>
     <span class='ocr_line' id='line_1_8' title="bbox 182 920 1175 992; baseline -0.004 -16"><span class='ocrx_word' id='word_1_60' title='bbox 182 927 257 976; x_wconf 79' lang='lat' dir='ltr'><strong>cinus</strong></span> <span class='ocrx_word' id='word_1_61' title='bbox 267 926 428 992; x_wconf 82' lang='lat' dir='ltr'><strong>suscepisset</strong></span> <span class='ocrx_word' id='word_1_62' title='bbox 442 925 533 981; x_wconf 77' lang='lat' dir='ltr'><strong>dicere</strong></span> <span class='ocrx_word' id='word_1_63' title='bbox 545 927 638 988; x_wconf 86' lang='lat' dir='ltr'><strong>iussus,</strong></span> <span class='ocrx_word' id='word_1_64' title='bbox 647 927 715 990; x_wconf 83' lang='lat' dir='ltr'><strong>regis</strong></span> <span class='ocrx_word' id='word_1_65' title='bbox 728 925 914 992; x_wconf 66' lang='lat' dir='ltr'><strong>crudelitatem</strong></span> <span class='ocrx_word' id='word_1_66' title='bbox 927 933 1043 986; x_wconf 75' lang='lat' dir='ltr'><strong>accusat,</strong></span> <span class='ocrx_word' id='word_1_67' title='bbox 1063 920 1175 990; x_wconf 52' lang='lat' dir='ltr'><strong>(aidau-</strong></span> 
     </span>
     <span class='ocr_line' id='line_1_9' title="bbox 105 988 1176 1062; baseline -0.005 -18"><span class='ocrx_word' id='word_1_68' title='bbox 105 1004 112 1024; x_wconf 85' lang='grc'><strong>’</strong></span> <span class='ocrx_word' id='word_1_69' title='bbox 180 995 302 1062; x_wconf 86' lang='lat' dir='ltr'><strong>perbiam</strong></span> <span class='ocrx_word' id='word_1_70' title='bbox 321 995 401 1048; x_wconf 84' lang='lat' dir='ltr'><strong>etiam</strong></span> <span class='ocrx_word' id='word_1_71' title='bbox 420 1003 447 1045; x_wconf 88' lang='lat' dir='ltr'><strong>et</strong></span> <span class='ocrx_word' id='word_1_72' title='bbox 465 993 580 1044; x_wconf 86' lang='lat' dir='ltr'><strong>studium</strong></span> <span class='ocrx_word' id='word_1_73' title='bbox 597 991 702 1046; x_wconf 88' lang='lat' dir='ltr'><strong>morum</strong></span> <span class='ocrx_word' id='word_1_74' title='bbox 720 993 923 1060; x_wconf 83' lang='lat' dir='ltr'><strong>peregrinorum</strong></span> <span class='ocrx_word' id='word_1_75' title='bbox 941 991 1095 1058; x_wconf 73' lang='lat' dir='ltr'><strong>exprobrat·</strong></span> <span class='ocrx_word' id='word_1_76' title='bbox 1118 988 1176 1059; x_wconf 76' lang='lat'>(20¹)</span> 
     </span>
     <span class='ocr_line' id='line_1_10' title="bbox 180 1059 1179 1130; baseline -0.004 -15"><span class='ocrx_word' id='word_1_77' title='bbox 180 1071 222 1126; x_wconf 77' lang='lat'><strong>27.</strong></span> <span class='ocrx_word' id='word_1_78' title='bbox 242 1060 296 1130; x_wconf 78' lang='lat'><strong>28.)</strong></span> <span class='ocrx_word' id='word_1_79' title='bbox 314 1061 438 1113; x_wconf 80' lang='lat' dir='ltr'><strong>Defendit</strong></span> <span class='ocrx_word' id='word_1_80' title='bbox 455 1079 483 1113; x_wconf 85' lang='lat' dir='ltr'><strong>se</strong></span> <span class='ocrx_word' id='word_1_81' title='bbox 495 1078 551 1126; x_wconf 82' lang='lat' dir='ltr'><strong>rex,</strong></span> <span class='ocrx_word' id='word_1_82' title='bbox 573 1071 599 1112; x_wconf 90' lang='lat' dir='ltr'><strong>et</strong></span> <span class='ocrx_word' id='word_1_83' title='bbox 617 1061 734 1128; x_wconf 90' lang='lat' dir='ltr'><strong>primum</strong></span> <span class='ocrx_word' id='word_1_84' title='bbox 747 1059 922 1123; x_wconf 81' lang='lat' dir='ltr'><strong>crudelitatis,</strong></span> <span class='ocrx_word' id='word_1_85' title='bbox 939 1059 1036 1110; x_wconf 90' lang='lat' dir='ltr'><strong>deinde</strong></span> <span class='ocrx_word' id='word_1_86' title='bbox 1050 1059 1179 1111; x_wconf 83' lang='lat' dir='ltr'><strong>avaritiae</strong></span> 
     </span>
     <span class='ocr_line' id='line_1_11' title="bbox 181 1126 1176 1200; baseline -0.004 -20"><span class='ocrx_word' id='word_1_87' title='bbox 181 1145 213 1181; x_wconf 83' lang='lat' dir='ltr'><strong>ac</strong></span> <span class='ocrx_word' id='word_1_88' title='bbox 235 1130 378 1200; x_wconf 83' lang='lat' dir='ltr'><strong>superbiae</strong></span> <span class='ocrx_word' id='word_1_89' title='bbox 397 1131 499 1182; x_wconf 88' lang='lat' dir='ltr'><strong>crimen</strong></span> <span class='ocrx_word' id='word_1_90' title='bbox 516 1130 635 1192; x_wconf 81' lang='lat' dir='ltr'><strong>refellit,</strong></span> <span class='ocrx_word' id='word_1_91' title='bbox 654 1128 827 1194; x_wconf 79' lang='lat' dir='ltr'><strong>ostenditque</strong></span> <span class='ocrx_word' id='word_1_92' title='bbox 847 1136 1013 1196; x_wconf 79' lang='lat' dir='ltr'><strong>quantopere</strong></span> <span class='ocrx_word' id='word_1_93' title='bbox 1032 1126 1112 1176; x_wconf 89' lang='lat' dir='ltr'><strong>rebus</strong></span> <span class='ocrx_word' id='word_1_94' title='bbox 1132 1129 1176 1196; x_wconf 91' lang='lat' dir='ltr'><strong>ip-</strong></span> 
     </span>
     <span class='ocr_line' id='line_1_12' title="bbox 181 1195 1172 1262; baseline -0.003 -15"><span class='ocrx_word' id='word_1_95' title='bbox 181 1199 272 1248; x_wconf 85' lang='lat' dir='ltr'><strong>iorum</strong></span> <span class='ocrx_word' id='word_1_96' title='bbox 292 1197 436 1259; x_wconf 88' lang='lat' dir='ltr'><strong>conducat,</strong></span> <span class='ocrx_word' id='word_1_97' title='bbox 456 1198 524 1246; x_wconf 84' lang='lat' dir='ltr'><strong>loris</strong></span> <span class='ocrx_word' id='word_1_98' title='bbox 541 1213 569 1246; x_wconf 90' lang='lat' dir='ltr'><strong>se</strong></span> <span class='ocrx_word' id='word_1_99' title='bbox 586 1195 670 1252; x_wconf 87' lang='lat' dir='ltr'><strong>lilium</strong></span> <span class='ocrx_word' id='word_1_100' title='bbox 689 1213 703 1246; x_wconf 89' lang='lat' dir='ltr'><strong>a</strong></span> <span class='ocrx_word' id='word_1_101' title='bbox 720 1195 842 1248; x_wconf 88' lang='lat' dir='ltr'><strong>barbaris</strong></span> <span class='ocrx_word' id='word_1_102' title='bbox 860 1195 944 1260; x_wconf 91' lang='lat' dir='ltr'><strong>credi,</strong></span> <span class='ocrx_word' id='word_1_103' title='bbox 963 1205 1034 1254; x_wconf 78' lang='lat' dir='ltr'><strong>metu</strong></span> <span class='ocrx_word' id='word_1_104' title='bbox 1053 1195 1172 1262; x_wconf 88' lang='lat' dir='ltr'><strong>denique</strong></span> 
     </span>
     <span class='ocr_line' id='line_1_13' title="bbox 180 1261 1176 1334; baseline -0.001 -20"><span class='ocrx_word' id='word_1_105' title='bbox 180 1267 307 1334; x_wconf 87' lang='lat' dir='ltr'><strong>supplicii</strong></span> <span class='ocrx_word' id='word_1_106' title='bbox 325 1265 492 1332; x_wconf 87' lang='lat' dir='ltr'><strong>propinquos</strong></span> <span class='ocrx_word' id='word_1_107' title='bbox 510 1280 617 1314; x_wconf 90' lang='lat' dir='ltr'><strong>reorum</strong></span> <span class='ocrx_word' id='word_1_108' title='bbox 636 1265 741 1314; x_wconf 89' lang='lat' dir='ltr'><strong>liberat.</strong></span> <span class='ocrx_word' id='word_1_109' title='bbox 763 1262 823 1328; x_wconf 79' lang='lat'>(29)</span> <span class='ocrx_word' id='word_1_110' title='bbox 837 1263 928 1312; x_wconf 86' lang='lat' dir='ltr'><strong>Poena</strong></span> <span class='ocrx_word' id='word_1_111' title='bbox 947 1264 1079 1328; x_wconf 83' lang='lat' dir='ltr'><strong>irrogatur</strong></span> <span class='ocrx_word' id='word_1_112' title='bbox 1098 1261 1176 1313; x_wconf 90' lang='lat' dir='ltr'><strong>dam-</strong></span> 
     </span>
     <span class='ocr_line' id='line_1_14' title="bbox 181 1329 1175 1403; baseline -0.003 -20"><span class='ocrx_word' id='word_1_113' title='bbox 181 1337 259 1396; x_wconf 86' lang='lat' dir='ltr'><strong>natis,</strong></span> <span class='ocrx_word' id='word_1_114' title='bbox 279 1335 391 1382; x_wconf 82' lang='lat' dir='ltr'><strong>sumitur</strong></span> <span class='ocrx_word' id='word_1_115' title='bbox 411 1333 490 1384; x_wconf 88' lang='lat' dir='ltr'><strong>etiam</strong></span> <span class='ocrx_word' id='word_1_116' title='bbox 506 1331 539 1385; x_wconf 89' lang='lat' dir='ltr'><strong>de</strong></span> <span class='ocrx_word' id='word_1_117' title='bbox 558 1331 730 1395; x_wconf 78' lang='lat' dir='ltr'><strong>Callisthene,</strong></span> <span class='ocrx_word' id='word_1_118' title='bbox 748 1329 821 1403; x_wconf 89' lang='lat' dir='ltr'><strong>quod</strong></span> <span class='ocrx_word' id='word_1_119' title='bbox 837 1347 937 1400; x_wconf 85' lang='lat' dir='ltr'><strong>pueros</strong></span> <span class='ocrx_word' id='word_1_120' title='bbox 954 1333 1024 1396; x_wconf 84' lang='lat' dir='ltr'><strong>regis</strong></span> <span class='ocrx_word' id='word_1_121' title='bbox 1041 1329 1107 1400; x_wconf 83' lang='lat' dir='ltr'><strong>odio</strong></span> <span class='ocrx_word' id='word_1_122' title='bbox 1124 1332 1175 1380; x_wconf 90' lang='lat' dir='ltr'><strong>im·</strong></span> 
     </span>
     <span class='ocr_line' id='line_1_15' title="bbox 181 1397 435 1472; baseline -0.016 -20"><span class='ocrx_word' id='word_1_123' title='bbox 181 1397 267 1472; x_wconf 82' lang='lat' dir='ltr'><strong>pless‘e</strong></span> <span class='ocrx_word' id='word_1_124' title='bbox 287 1400 435 1450; x_wconf 89' lang='lat' dir='ltr'><strong>dicebatur.</strong></span> 
     </span>
    </p>

    <p class='ocr_par' dir='ltr' id='par_1_5' title="bbox 247 1461 1177 1538">
     <span class='ocr_line' id='line_1_16' title="bbox 247 1461 1177 1538; baseline -0.002 -20"><span class='ocrx_word' id='word_1_125' title='bbox 247 1467 303 1538; x_wconf 80' lang='grc'>(30)</span> <span class='ocrx_word' id='word_1_126' title='bbox 324 1467 391 1521; x_wconf 79' lang='lat' dir='ltr'><strong>Vere</strong></span> <span class='ocrx_word' id='word_1_127' title='bbox 419 1475 531 1522; x_wconf 71' lang='lat' dir='ltr'><strong>exerente</strong></span> <span class='ocrx_word' id='word_1_128' title='bbox 556 1482 582 1514; x_wconf 87' lang='lat' dir='ltr'><strong>u.</strong></span> <span class='ocrx_word' id='word_1_129' title='bbox 608 1481 635 1518; x_wconf 81' lang='grc' dir='ltr'><strong>α.</strong></span> <span class='ocrx_word' id='word_1_130' title='bbox 663 1461 727 1512; x_wconf 77' lang='lat' dir='ltr'><strong>car.</strong></span> <span class='ocrx_word' id='word_1_131' title='bbox 750 1475 807 1514; x_wconf 83' lang='lat' dir='ltr'><strong>net.</strong></span> <span class='ocrx_word' id='word_1_132' title='bbox 834 1467 895 1522; x_wconf 66' lang='lat'><strong>328.</strong></span> <span class='ocrx_word' id='word_1_133' title='bbox 918 1465 1018 1514; x_wconf 87' lang='lat' dir='ltr'><strong>Bactris</strong></span> <span class='ocrx_word' id='word_1_134' title='bbox 1037 1475 1129 1518; x_wconf 59' lang='lat' dir='ltr'><strong>mirrea</strong></span> <span class='ocrx_word' id='word_1_135' title='bbox 1148 1468 1177 1520; x_wconf 89' lang='lat' dir='ltr'><strong>in</strong></span> 
     </span>
    </p>
   </div>
   <div class='ocr_carea' id='block_1_5' title="bbox 100 1529 1175 1602">
    <p class='ocr_par' dir='ltr' id='par_1_6' title="bbox 100 1529 1175 1602">
     <span class='ocr_line' id='line_1_17' title="bbox 100 1529 1175 1602; baseline 0 -18"><span class='ocrx_word' id='word_1_136' title='bbox 100 1531 103 1544; x_wconf 60' lang='lat'>¹</span> <span class='ocrx_word' id='word_1_137' title='bbox 179 1535 296 1588; x_wconf 78' lang='lat' dir='ltr'><strong>indiam.</strong></span> <span class='ocrx_word' id='word_1_138' title='bbox 333 1537 396 1585; x_wconf 88' lang='lat' dir='ltr'><strong>Eius</strong></span> <span class='ocrx_word' id='word_1_139' title='bbox 420 1543 508 1584; x_wconf 89' lang='lat' dir='ltr'><strong>terrae</strong></span> <span class='ocrx_word' id='word_1_140' title='bbox 535 1534 618 1596; x_wconf 88' lang='lat' dir='ltr'><strong>situs,</strong></span> <span class='ocrx_word' id='word_1_141' title='bbox 637 1547 741 1595; x_wconf 89' lang='lat' dir='ltr'><strong>amnes,</strong></span> <span class='ocrx_word' id='word_1_142' title='bbox 770 1533 876 1586; x_wconf 88' lang='lat' dir='ltr'><strong>coelum</strong></span> <span class='ocrx_word' id='word_1_143' title='bbox 895 1529 1097 1598; x_wconf 84' lang='lat' dir='ltr'><strong>describuntur,</strong></span> <span class='ocrx_word' id='word_1_144' title='bbox 1117 1534 1175 1602; x_wconf 81' lang='lat'>(31)</span> 
     </span>
    </p>
   </div>
   <div class='ocr_carea' id='block_1_6' title="bbox 176 1599 1237 1942">
    <p class='ocr_par' dir='ltr' id='par_1_7' title="bbox 176 1599 1237 1942">
     <span class='ocr_line' id='line_1_18' title="bbox 180 1599 1176 1668; baseline 0 -16"><span class='ocrx_word' id='word_1_145' title='bbox 180 1605 284 1654; x_wconf 76' lang='lat' dir='ltr'><strong>tructus</strong></span> <span class='ocrx_word' id='word_1_146' title='bbox 300 1609 482 1664; x_wconf 83' lang='lat' dir='ltr'><strong>recensentur,</strong></span> <span class='ocrx_word' id='word_1_147' title='bbox 501 1599 534 1650; x_wconf 95' lang='lat' dir='ltr'><strong>de</strong></span> <span class='ocrx_word' id='word_1_148' title='bbox 553 1600 690 1655; x_wconf 89' lang='lat' dir='ltr'><strong>hominum</strong></span> <span class='ocrx_word' id='word_1_149' title='bbox 709 1601 837 1664; x_wconf 86' lang='lat' dir='ltr'><strong>moribus,</strong></span> <span class='ocrx_word' id='word_1_150' title='bbox 856 1599 911 1668; x_wconf 72' lang='lat' dir='ltr'><strong>(aa)</strong></span> <span class='ocrx_word' id='word_1_151' title='bbox 928 1601 1056 1667; x_wconf 84' lang='lat' dir='ltr'><strong>imprimis</strong></span> <span class='ocrx_word' id='word_1_152' title='bbox 1076 1601 1110 1653; x_wconf 88' lang='lat' dir='ltr'><strong>de</strong></span> <span class='ocrx_word' id='word_1_153' title='bbox 1129 1619 1176 1653; x_wconf 90' lang='lat' dir='ltr'><strong>re·</strong></span> 
     </span>
     <span class='ocr_line' id='line_1_19' title="bbox 181 1666 1193 1736; baseline 0 -18"><span class='ocrx_word' id='word_1_154' title='bbox 181 1683 244 1736; x_wconf 75' lang='lat' dir='ltr'><strong>gnua</strong></span> <span class='ocrx_word' id='word_1_155' title='bbox 265 1671 386 1722; x_wconf 81' lang='lat' dir='ltr'><strong>luxuriae</strong></span> <span class='ocrx_word' id='word_1_156' title='bbox 413 1670 569 1736; x_wconf 78' lang='lat' dir='ltr'><strong>exponitur,</strong></span> <span class='ocrx_word' id='word_1_157' title='bbox 597 1666 664 1735; x_wconf 41' lang='grc' dir='ltr'><strong>(33)κ</strong></span> <span class='ocrx_word' id='word_1_158' title='bbox 682 1669 825 1734; x_wconf 80' lang='lat' dir='ltr'><strong>singulares</strong></span> <span class='ocrx_word' id='word_1_159' title='bbox 857 1669 998 1736; x_wconf 80' lang='lat' dir='ltr'><strong>opiniones</strong></span> <span class='ocrx_word' id='word_1_160' title='bbox 1025 1671 1193 1736; x_wconf 65' lang='lat' dir='ltr'><strong>sapientum*</strong></span> 
     </span>
     <span class='ocr_line' id='line_1_20' title="bbox 176 1735 1177 1806; baseline -0.001 -16"><span class='ocrx_word' id='word_1_161' title='bbox 176 1748 324 1806; x_wconf 48' lang='lat' dir='ltr'><strong>*ceteraque</strong></span> <span class='ocrx_word' id='word_1_162' title='bbox 343 1739 461 1790; x_wconf 87' lang='lat' dir='ltr'><strong>instituta</strong></span> <span class='ocrx_word' id='word_1_163' title='bbox 479 1737 562 1804; x_wconf 78' lang='lat' dir='ltr'><strong>gentis</strong></span> <span class='ocrx_word' id='word_1_164' title='bbox 580 1737 731 1794; x_wconf 81' lang='lat' dir='ltr'><strong>traduntur.</strong></span> <span class='ocrx_word' id='word_1_165' title='bbox 750 1735 806 1806; x_wconf 75' lang='grc'>(34)</span> <span class='ocrx_word' id='word_1_166' title='bbox 818 1736 945 1786; x_wconf 89' lang='lat' dir='ltr'><strong>indorum</strong></span> <span class='ocrx_word' id='word_1_167' title='bbox 963 1737 1001 1787; x_wconf 89' lang='lat' dir='ltr'><strong>eis</strong></span> <span class='ocrx_word' id='word_1_168' title='bbox 1018 1737 1115 1788; x_wconf 86' lang='lat' dir='ltr'><strong>Indum</strong></span> <span class='ocrx_word' id='word_1_169' title='bbox 1131 1755 1177 1789; x_wconf 78' lang='lat' dir='ltr'><strong>re·</strong></span> 
     </span>
     <span class='ocr_line' id='line_1_21' title="bbox 181 1799 1237 1872; baseline 0.001 -17"><span class='ocrx_word' id='word_1_170' title='bbox 181 1807 236 1870; x_wconf 72' lang='lat' dir='ltr'><strong>guli</strong></span> <span class='ocrx_word' id='word_1_171' title='bbox 255 1815 400 1860; x_wconf 89' lang='lat' dir='ltr'><strong>occurrunt</strong></span> <span class='ocrx_word' id='word_1_172' title='bbox 427 1821 485 1856; x_wconf 85' lang='lat' dir='ltr'><strong>sese</strong></span> <span class='ocrx_word' id='word_1_173' title='bbox 515 1804 662 1868; x_wconf 87' lang='lat' dir='ltr'><strong>dedentes,</strong></span> <span class='ocrx_word' id='word_1_174' title='bbox 682 1805 786 1872; x_wconf 85' lang='lat' dir='ltr'><strong>&#39;quihus</strong></span> <span class='ocrx_word' id='word_1_175' title='bbox 811 1806 837 1854; x_wconf 93' lang='lat' dir='ltr'><strong>in</strong></span> <span class='ocrx_word' id='word_1_176' title='bbox 855 1804 936 1857; x_wconf 86' lang='lat' dir='ltr'><strong>fidem</strong></span> <span class='ocrx_word' id='word_1_177' title='bbox 958 1806 1090 1872; x_wconf 80' lang='lat' dir='ltr'><strong>receptis,</strong></span> <span class='ocrx_word' id='word_1_178' title='bbox 1115 1799 1174 1870; x_wconf 72' lang='lat' dir='ltr'><strong>rex,</strong></span> <span class='ocrx_word' id='word_1_179' title='bbox 1227 1849 1237 1862; x_wconf 69' lang='lat'><strong>„</strong></span> 
     </span>
     <span class='ocr_line' id='line_1_22' title="bbox 178 1871 1176 1942; baseline -0.002 -18"><span class='ocrx_word' id='word_1_180' title='bbox 178 1874 379 1942; x_wconf 76' lang='lat' dir='ltr'><strong>&#39;Hephaestione</strong></span> <span class='ocrx_word' id='word_1_181' title='bbox 394 1891 455 1926; x_wconf 89' lang='lat' dir='ltr'><strong>cum</strong></span> <span class='ocrx_word' id='word_1_182' title='bbox 472 1883 547 1942; x_wconf 89' lang='lat' dir='ltr'><strong>parte</strong></span> <span class='ocrx_word' id='word_1_183' title='bbox 567 1875 706 1941; x_wconf 85' lang='lat' dir='ltr'><strong>copiarum</strong></span> <span class='ocrx_word' id='word_1_184' title='bbox 724 1882 800 1932; x_wconf 86' lang='lat' dir='ltr'><strong>recto</strong></span> <span class='ocrx_word' id='word_1_185' title='bbox 828 1874 923 1924; x_wconf 89' lang='lat' dir='ltr'><strong>itinere</strong></span> <span class='ocrx_word' id='word_1_186' title='bbox 943 1871 977 1922; x_wconf 85' lang='lat' dir='ltr'><strong>ad</strong></span> <span class='ocrx_word' id='word_1_187' title='bbox 994 1873 1088 1925; x_wconf 87' lang='lat' dir='ltr'><strong>indum</strong></span> <span class='ocrx_word' id='word_1_188' title='bbox 1109 1891 1176 1925; x_wconf 90' lang='lat' dir='ltr'><strong>con·</strong></span> 
     </span>
    </p>
   </div>
   <div class='ocr_carea' id='block_1_7' title="bbox 107 1939 1176 2013">
    <p class='ocr_par' dir='ltr' id='par_1_8' title="bbox 107 1939 1176 2013">
     <span class='ocr_line' id='line_1_23' title="bbox 107 1939 1176 2013; baseline 0 -21"><span class='ocrx_word' id='word_1_189' title='bbox 107 1947 114 1957; x_wconf 79' lang='grc'><strong>“</strong></span> <span class='ocrx_word' id='word_1_190' title='bbox 177 1949 345 2013; x_wconf 77' lang='lat' dir='ltr'><strong>&#39;pontemque</strong></span> <span class='ocrx_word' id='word_1_191' title='bbox 361 1945 389 1992; x_wconf 93' lang='lat' dir='ltr'><strong>ln</strong></span> <span class='ocrx_word' id='word_1_192' title='bbox 412 1959 444 1994; x_wconf 90' lang='lat' dir='ltr'><strong>eo</strong></span> <span class='ocrx_word' id='word_1_193' title='bbox 464 1941 615 1995; x_wconf 87' lang='lat' dir='ltr'><strong>iaciendum</strong></span> <span class='ocrx_word' id='word_1_194' title='bbox 633 1943 789 2009; x_wconf 87' lang='lat' dir='ltr'><strong>praemisso,</strong></span> <span class='ocrx_word' id='word_1_195' title='bbox 807 1943 864 2010; x_wconf 86' lang='lat' dir='ltr'><strong>ipse</strong></span> <span class='ocrx_word' id='word_1_196' title='bbox 881 1949 988 2010; x_wconf 86' lang='lat' dir='ltr'><strong>praeter</strong></span> <span class='ocrx_word' id='word_1_197' title='bbox 1004 1939 1099 1991; x_wconf 90' lang='lat' dir='ltr'><strong>Choen</strong></span> <span class='ocrx_word' id='word_1_198' title='bbox 1118 1959 1176 1996; x_wconf 88' lang='lat' dir='ltr'><strong>am·</strong></span> 
     </span>
    </p>
   </div>
   <div class='ocr_carea' id='block_1_8' title="bbox 118 2008 1184 2552">
    <p class='ocr_par' dir='ltr' id='par_1_9' title="bbox 178 2008 1177 2346">
     <span class='ocr_line' id='line_1_24' title="bbox 178 2008 1176 2078; baseline -0.001 -16"><span class='ocrx_word' id='word_1_199' title='bbox 178 2028 243 2062; x_wconf 84' lang='lat' dir='ltr'><strong>nem</strong></span> <span class='ocrx_word' id='word_1_200' title='bbox 261 2010 355 2072; x_wconf 82' lang='lat' dir='ltr'><strong>(hodia</strong></span> <span class='ocrx_word' id='word_1_201' title='bbox 384 2010 483 2078; x_wconf 85' lang='lat' dir='ltr'><strong>Cabal)</strong></span> <span class='ocrx_word' id='word_1_202' title='bbox 512 2010 684 2077; x_wconf 88' lang='lat' dir='ltr'><strong>proficiscens</strong></span> <span class='ocrx_word' id='word_1_203' title='bbox 711 2019 801 2074; x_wconf 82' lang='lat' dir='ltr'><strong>gentes</strong></span> <span class='ocrx_word' id='word_1_204' title='bbox 824 2011 965 2078; x_wconf 86' lang='lat' dir='ltr'><strong>imperium</strong></span> <span class='ocrx_word' id='word_1_205' title='bbox 991 2008 1176 2065; x_wconf 80' lang='lat' dir='ltr'><strong>detrectantes</strong></span> 
     </span>
     <span class='ocr_line' id='line_1_25' title="bbox 180 2076 1177 2146; baseline -0.005 -16"><span class='ocrx_word' id='word_1_206' title='bbox 180 2079 342 2146; x_wconf 72' lang='lat' dir='ltr'><strong>aggreditur,</strong></span> <span class='ocrx_word' id='word_1_207' title='bbox 362 2080 512 2146; x_wconf 88' lang='lat' dir='ltr'><strong>etprimam</strong></span> <span class='ocrx_word' id='word_1_208' title='bbox 522 2077 631 2143; x_wconf 88' lang='lat' dir='ltr'><strong>quidem</strong></span> <span class='ocrx_word' id='word_1_209' title='bbox 648 2077 742 2135; x_wconf 84' lang='lat' dir='ltr'><strong>urbem</strong></span> <span class='ocrx_word' id='word_1_210' title='bbox 761 2079 784 2126; x_wconf 91' lang='lat' dir='ltr'><strong>vi</strong></span> <span class='ocrx_word' id='word_1_211' title='bbox 804 2087 908 2144; x_wconf 86' lang='lat' dir='ltr'><strong>captam</strong></span> <span class='ocrx_word' id='word_1_212' title='bbox 922 2076 1011 2125; x_wconf 91' lang='lat' dir='ltr'><strong>diruit.</strong></span> <span class='ocrx_word' id='word_1_213' title='bbox 1032 2078 1091 2143; x_wconf 78' lang='grc'>(35)</span> <span class='ocrx_word' id='word_1_214' title='bbox 1111 2081 1177 2128; x_wconf 77' lang='lat' dir='ltr'><strong>Mox</strong></span> 
     </span>
     <span class='ocr_line' id='line_1_26' title="bbox 182 2144 1177 2214; baseline 0 -17"><span class='ocrx_word' id='word_1_215' title='bbox 182 2148 215 2197; x_wconf 91' lang='lat' dir='ltr'><strong>ad</strong></span> <span class='ocrx_word' id='word_1_216' title='bbox 232 2149 326 2214; x_wconf 80' lang='lat' dir='ltr'><strong>Nysam</strong></span> <span class='ocrx_word' id='word_1_217' title='bbox 343 2145 439 2195; x_wconf 87' lang='lat' dir='ltr'><strong>urbem</strong></span> <span class='ocrx_word' id='word_1_218' title='bbox 457 2147 527 2201; x_wconf 86' lang='lat' dir='ltr'><strong>venit</strong></span> <span class='ocrx_word' id='word_1_219' title='bbox 545 2151 641 2193; x_wconf 88' lang='lat' dir='ltr'><strong>noctu:</strong></span> <span class='ocrx_word' id='word_1_220' title='bbox 662 2145 767 2193; x_wconf 89' lang='lat' dir='ltr'><strong>incolae</strong></span> <span class='ocrx_word' id='word_1_221' title='bbox 786 2154 846 2210; x_wconf 83' lang='lat' dir='ltr'><strong>post</strong></span> <span class='ocrx_word' id='word_1_222' title='bbox 868 2147 976 2197; x_wconf 86' lang='lat' dir='ltr'><strong>brevem</strong></span> <span class='ocrx_word' id='word_1_223' title='bbox 1003 2144 1177 2197; x_wconf 86' lang='lat' dir='ltr'><strong>obsidionem</strong></span> 
     </span>
     <span class='ocr_line' id='line_1_27' title="bbox 182 2209 1177 2280; baseline 0.001 -17"><span class='ocrx_word' id='word_1_224' title='bbox 182 2231 240 2266; x_wconf 79' lang='lat' dir='ltr'><strong>sese</strong></span> <span class='ocrx_word' id='word_1_225' title='bbox 259 2213 378 2276; x_wconf 90' lang='lat' dir='ltr'><strong>dedunt,</strong></span> <span class='ocrx_word' id='word_1_226' title='bbox 396 2213 447 2263; x_wconf 87' lang='lat' dir='ltr'><strong>deo</strong></span> <span class='ocrx_word' id='word_1_227' title='bbox 470 2211 543 2280; x_wconf 90' lang='lat' dir='ltr'><strong>apud</strong></span> <span class='ocrx_word' id='word_1_228' title='bbox 566 2213 637 2278; x_wconf 87' lang='lat' dir='ltr'><strong>ipsos</strong></span> <span class='ocrx_word' id='word_1_229' title='bbox 661 2217 723 2258; x_wconf 87' lang='lat' dir='ltr'><strong>nato</strong></span> <span class='ocrx_word' id='word_1_230' title='bbox 750 2211 925 2263; x_wconf 85' lang='lat' dir='ltr'><strong>conlidentes.</strong></span> <span class='ocrx_word' id='word_1_231' title='bbox 966 2209 1022 2277; x_wconf 81' lang='grc'>(36)</span> <span class='ocrx_word' id='word_1_232' title='bbox 1043 2213 1096 2270; x_wconf 80' lang='lat' dir='ltr'><strong>ilex</strong></span> <span class='ocrx_word' id='word_1_233' title='bbox 1113 2231 1177 2264; x_wconf 85' lang='lat' dir='ltr'><strong>cum</strong></span> 
     </span>
     <span class='ocr_line' id='line_1_28' title="bbox 181 2278 1176 2346; baseline 0 -14"><span class='ocrx_word' id='word_1_234' title='bbox 181 2291 241 2338; x_wconf 87' lang='lat' dir='ltr'><strong>toto</strong></span> <span class='ocrx_word' id='word_1_235' title='bbox 262 2283 379 2332; x_wconf 80' lang='lat' dir='ltr'><strong>exercitu</strong></span> <span class='ocrx_word' id='word_1_236' title='bbox 397 2296 445 2346; x_wconf 89' lang='lat' dir='ltr'><strong>per</strong></span> <span class='ocrx_word' id='word_1_237' title='bbox 471 2295 584 2330; x_wconf 88' lang='lat' dir='ltr'><strong>nemora</strong></span> <span class='ocrx_word' id='word_1_238' title='bbox 610 2278 740 2330; x_wconf 88' lang='lat' dir='ltr'><strong>dissoluto</strong></span> <span class='ocrx_word' id='word_1_239' title='bbox 764 2279 790 2326; x_wconf 82' lang='lat' dir='ltr'><strong>in</strong></span> <span class='ocrx_word' id='word_1_240' title='bbox 819 2278 948 2339; x_wconf 90' lang='lat' dir='ltr'><strong>honorem</strong></span> <span class='ocrx_word' id='word_1_241' title='bbox 974 2279 1064 2346; x_wconf 87' lang='lat' dir='ltr'><strong>Liberi</strong></span> <span class='ocrx_word' id='word_1_242' title='bbox 1090 2282 1176 2332; x_wconf 82' lang='lat' dir='ltr'><strong>Patris</strong></span> 
     </span>
    </p>

    <p class='ocr_par' dir='ltr' id='par_1_10' title="bbox 118 2344 1184 2552">
     <span class='ocr_line' id='line_1_29' title="bbox 204 2344 1176 2414; baseline 0 -14"><span class='ocrx_word' id='word_1_243' title='bbox 204 2351 275 2401; x_wconf 88' lang='lat' dir='ltr'><strong>iures</strong></span> <span class='ocrx_word' id='word_1_244' title='bbox 294 2348 350 2398; x_wconf 88' lang='lat' dir='ltr'><strong>dies</strong></span> <span class='ocrx_word' id='word_1_245' title='bbox 368 2348 451 2396; x_wconf 80' lang='lat' dir='ltr'><strong>festos</strong></span> <span class='ocrx_word' id='word_1_246' title='bbox 469 2348 530 2412; x_wconf 86' lang='lat' dir='ltr'><strong>agit.</strong></span> <span class='ocrx_word' id='word_1_247' title='bbox 567 2345 622 2414; x_wconf 70' lang='lat'>(37)</span> <span class='ocrx_word' id='word_1_248' title='bbox 642 2345 706 2402; x_wconf 82' lang='lat' dir='ltr'><strong>inde</strong></span> <span class='ocrx_word' id='word_1_249' title='bbox 733 2344 765 2395; x_wconf 91' lang='lat' dir='ltr'><strong>ad</strong></span> <span class='ocrx_word' id='word_1_250' title='bbox 796 2349 930 2414; x_wconf 83' lang='lat' dir='ltr'><strong>regionem</strong></span> <span class='ocrx_word' id='word_1_251' title='bbox 950 2347 1066 2397; x_wconf 87' lang='lat' dir='ltr'><strong>Daedala</strong></span> <span class='ocrx_word' id='word_1_252' title='bbox 1086 2357 1112 2399; x_wconf 93' lang='lat' dir='ltr'><strong>et</strong></span> <span class='ocrx_word' id='word_1_253' title='bbox 1130 2366 1176 2404; x_wconf 87' lang='lat' dir='ltr'><strong>ur·</strong></span> 
     </span>
     <span class='ocr_line' id='line_1_30' title="bbox 118 2369 1181 2486; baseline -0.009 -18"><span class='ocrx_word' id='word_1_254' title='bbox 118 2415 122 2431; x_wconf 93' lang='lat'><em>&#39;</em></span> <span class='ocrx_word' id='word_1_255' title='bbox 182 2369 247 2470; x_wconf 66' lang='lat' dir='ltr'><strong>hem</strong></span> <span class='ocrx_word' id='word_1_256' title='bbox 263 2416 378 2467; x_wconf 83' lang='lat' dir='ltr'><strong>Acadira</strong></span> <span class='ocrx_word' id='word_1_257' title='bbox 398 2415 533 2481; x_wconf 80' lang='lat' dir='ltr'><strong>(Arriano</strong></span> <span class='ocrx_word' id='word_1_258' title='bbox 552 2431 608 2462; x_wconf 85' lang='lat' dir='ltr'><strong>non</strong></span> <span class='ocrx_word' id='word_1_259' title='bbox 625 2416 798 2483; x_wconf 79' lang='lat' dir='ltr'><strong>memor-ater)</strong></span> <span class='ocrx_word' id='word_1_260' title='bbox 816 2421 944 2486; x_wconf 85' lang='lat' dir='ltr'><strong>pervenit,</strong></span> <span class='ocrx_word' id='word_1_261' title='bbox 963 2415 996 2464; x_wconf 81' lang='lat' dir='ltr'><strong>ab</strong></span> <span class='ocrx_word' id='word_1_262' title='bbox 1014 2416 1109 2466; x_wconf 79' lang='lat' dir='ltr'><strong>incolis</strong></span> <span class='ocrx_word' id='word_1_263' title='bbox 1127 2417 1181 2468; x_wconf 66' lang='lat' dir='ltr'><strong>de:</strong></span> 
     </span>
     <span class='ocr_line' id='line_1_31' title="bbox 183 2481 1184 2552; baseline -0.003 -18"><span class='ocrx_word' id='word_1_264' title='bbox 183 2494 281 2549; x_wconf 80' lang='lat' dir='ltr'><strong>sertas3</strong></span> <span class='ocrx_word' id='word_1_265' title='bbox 310 2483 397 2534; x_wconf 83' lang='lat' dir='ltr'><strong>divisis</strong></span> <span class='ocrx_word' id='word_1_266' title='bbox 414 2483 499 2552; x_wconf 84' lang='lat' dir='ltr'><strong>copiis</strong></span> <span class='ocrx_word' id='word_1_267' title='bbox 518 2483 617 2531; x_wconf 88' lang='lat' dir='ltr'><strong>multae</strong></span> <span class='ocrx_word' id='word_1_268' title='bbox 639 2481 717 2538; x_wconf 85' lang='lat' dir='ltr'><strong>urbes</strong></span> <span class='ocrx_word' id='word_1_269' title='bbox 736 2495 938 2550; x_wconf 83' lang='lat' dir='ltr'><strong>expugnantur:</strong></span> <span class='ocrx_word' id='word_1_270' title='bbox 968 2483 1060 2534; x_wconf 84' lang='lat' dir='ltr'><strong>Coeno</strong></span> <span class='ocrx_word' id='word_1_271' title='bbox 1078 2485 1105 2537; x_wconf 89' lang='lat' dir='ltr'><strong>in</strong></span> <span class='ocrx_word' id='word_1_272' title='bbox 1124 2485 1184 2535; x_wconf 60' lang='lat' dir='ltr'><strong>oia-¹</strong></span> 
     </span>
    </p>
   </div>
   <div class='ocr_carea' id='block_1_9' title="bbox 185 2549 1176 2630">
    <p class='ocr_par' dir='ltr' id='par_1_11' title="bbox 185 2549 1176 2630">
     <span class='ocr_line' id='line_1_32' title="bbox 185 2549 1176 2630; baseline 0 -20"><span class='ocrx_word' id='word_1_273' title='bbox 185 2560 288 2611; x_wconf 84' lang='lat' dir='ltr'><strong>sidione</strong></span> <span class='ocrx_word' id='word_1_274' title='bbox 306 2559 380 2608; x_wconf 89' lang='lat' dir='ltr'><strong>urhis</strong></span> <span class='ocrx_word' id='word_1_275' title='bbox 399 2559 490 2610; x_wconf 88' lang='lat' dir='ltr'><strong>Beirae</strong></span> <span class='ocrx_word' id='word_1_276' title='bbox 509 2555 597 2626; x_wconf 83' lang='lat' dir='ltr'><strong>(apud</strong></span> <span class='ocrx_word' id='word_1_277' title='bbox 612 2557 758 2610; x_wconf 81' lang='lat' dir='ltr'><strong>Arrianum</strong></span> <span class='ocrx_word' id='word_1_278' title='bbox 777 2553 817 2610; x_wconf 77' lang='lat' dir='ltr'><strong>toi</strong></span> <span class='ocrx_word' id='word_1_279' title='bbox 838 2549 960 2624; x_wconf 61' lang='grc' dir='ltr'><em>Βάζιρα</em></span> <span class='ocrx_word' id='word_1_280' title='bbox 978 2561 1111 2630; x_wconf 85' lang='lat' dir='ltr'><strong>vocatur)</strong></span> <span class='ocrx_word' id='word_1_281' title='bbox 1130 2578 1176 2616; x_wconf 73' lang='lat' dir='ltr'><strong>re.</strong></span> 
     </span>
    </p>
   </div>
   <div class='ocr_carea' id='block_1_10' title="bbox 114 2631 1235 2990">
    <p class='ocr_par' dir='ltr' id='par_1_12' title="bbox 114 2631 1235 2990">
     <span class='ocr_line' id='line_1_33' title="bbox 181 2631 1175 2706; baseline 0.001 -17"><span class='ocrx_word' id='word_1_282' title='bbox 181 2635 259 2700; x_wconf 87' lang='lat' dir='ltr'><strong>licto,</strong></span> <span class='ocrx_word' id='word_1_283' title='bbox 279 2633 430 2688; x_wconf 76' lang='lat' dir='ltr'><strong>Alexander</strong></span> <span class='ocrx_word' id='word_1_284' title='bbox 449 2637 569 2698; x_wconf 77' lang='lat' dir='ltr'><strong>Mazagas</strong></span> <span class='ocrx_word' id='word_1_285' title='bbox 586 2635 674 2696; x_wconf 89' lang='lat' dir='ltr'><strong>venit,</strong></span> <span class='ocrx_word' id='word_1_286' title='bbox 698 2633 792 2683; x_wconf 89' lang='lat' dir='ltr'><strong>urbem</strong></span> <span class='ocrx_word' id='word_1_287' title='bbox 813 2637 936 2686; x_wconf 86' lang='lat' dir='ltr'><strong>altissima</strong></span> <span class='ocrx_word' id='word_1_288' title='bbox 953 2631 1027 2688; x_wconf 75' lang='lat' dir='ltr'><strong>iassa&#39;</strong></span> <span class='ocrx_word' id='word_1_289' title='bbox 1041 2655 1175 2706; x_wconf 85' lang='lat' dir='ltr'><strong>muroque</strong></span> 
     </span>
     <span class='ocr_line' id='line_1_34' title="bbox 183 2701 1177 2770; baseline 0.006 -15"><span class='ocrx_word' id='word_1_290' title='bbox 183 2701 322 2755; x_wconf 81' lang='lat' dir='ltr'><strong>munitam.</strong></span> <span class='ocrx_word' id='word_1_291' title='bbox 361 2703 436 2769; x_wconf 87' lang='lat' dir='ltr'><strong>Quae</strong></span> <span class='ocrx_word' id='word_1_292' title='bbox 455 2703 617 2756; x_wconf 88' lang='lat' dir='ltr'><strong>munimenta</strong></span> <span class='ocrx_word' id='word_1_293' title='bbox 636 2701 699 2750; x_wconf 87' lang='lat' dir='ltr'><strong>dum</strong></span> <span class='ocrx_word' id='word_1_294' title='bbox 719 2701 862 2767; x_wconf 85' lang='lat' dir='ltr'><strong>perlustrat</strong></span> <span class='ocrx_word' id='word_1_295' title='bbox 881 2705 1030 2756; x_wconf 81' lang='lat' dir='ltr'><strong>vulneratur</strong></span> <span class='ocrx_word' id='word_1_296' title='bbox 1050 2709 1177 2770; x_wconf 80' lang='lat' dir='ltr'><strong>dolorem</strong></span> 
     </span>
     <span class='ocr_line' id='line_1_35' title="bbox 114 2767 1235 2842; baseline 0.005 -22"><span class='ocrx_word' id='word_1_297' title='bbox 114 2787 119 2806; x_wconf 55' lang='lat' dir='ltr'><strong>r</strong></span> <span class='ocrx_word' id='word_1_298' title='bbox 151 2814 154 2820; x_wconf 90' lang='lat'>.</span> <span class='ocrx_word' id='word_1_299' title='bbox 181 2767 279 2842; x_wconf 66' lang='lat' dir='ltr'><strong>magno</strong></span> <span class='ocrx_word' id='word_1_300' title='bbox 299 2773 386 2821; x_wconf 91' lang='lat' dir='ltr'><strong>animo</strong></span> <span class='ocrx_word' id='word_1_301' title='bbox 407 2771 465 2821; x_wconf 83' lang='lat' dir='ltr'><strong>lert.</strong></span> <span class='ocrx_word' id='word_1_302' title='bbox 493 2771 552 2830; x_wconf 81' lang='grc'>(38)</span> <span class='ocrx_word' id='word_1_303' title='bbox 573 2771 688 2837; x_wconf 83' lang='lat' dir='ltr'><strong>lleplctis</strong></span> <span class='ocrx_word' id='word_1_304' title='bbox 708 2769 791 2830; x_wconf 77' lang='lat' dir='ltr'><strong>fossis,</strong></span> <span class='ocrx_word' id='word_1_305' title='bbox 810 2789 869 2822; x_wconf 87' lang='lat' dir='ltr'><strong>curn</strong></span> <span class='ocrx_word' id='word_1_306' title='bbox 888 2774 1027 2831; x_wconf 84' lang='lat' dir='ltr'><strong>machinae</strong></span> <span class='ocrx_word' id='word_1_307' title='bbox 1045 2775 1175 2826; x_wconf 49' lang='lat' dir='ltr'><strong>admove,</strong></span> <span class='ocrx_word' id='word_1_308' title='bbox 1233 2801 1235 2807; x_wconf 94' lang='lat'>·</span> 
     </span>
     <span class='ocr_line' id='line_1_36' title="bbox 183 2837 1175 2909; baseline 0.003 -18"><span class='ocrx_word' id='word_1_309' title='bbox 183 2851 285 2903; x_wconf 85' lang='lat' dir='ltr'><strong>rentur,</strong></span> <span class='ocrx_word' id='word_1_310' title='bbox 305 2838 431 2906; x_wconf 85' lang='lat' dir='ltr'><strong>Cleophis</strong></span> <span class='ocrx_word' id='word_1_311' title='bbox 454 2841 544 2904; x_wconf 83' lang='lat' dir='ltr'><strong>regina</strong></span> <span class='ocrx_word' id='word_1_312' title='bbox 560 2838 655 2887; x_wconf 90' lang='lat' dir='ltr'><strong>urbem</strong></span> <span class='ocrx_word' id='word_1_313' title='bbox 673 2843 754 2903; x_wconf 80' lang='lat' dir='ltr'><strong>seque</strong></span> <span class='ocrx_word' id='word_1_314' title='bbox 774 2837 846 2890; x_wconf 85' lang='lat' dir='ltr'><strong>dedit</strong></span> <span class='ocrx_word' id='word_1_315' title='bbox 870 2849 901 2906; x_wconf 39' lang='lat' dir='ltr'><strong>et·</strong></span> <span class='ocrx_word' id='word_1_316' title='bbox 914 2844 1016 2897; x_wconf 83' lang='lat' dir='ltr'><strong>veniam</strong></span> <span class='ocrx_word' id='word_1_317' title='bbox 1040 2843 1175 2909; x_wconf 81' lang='lat' dir='ltr'><strong>impetrat,</strong></span> 
     </span>
     <span class='ocr_line' id='line_1_37' title="bbox 193 2900 1176 2990; baseline 0 -26"><span class='ocrx_word' id='word_1_318' title='bbox 193 2905 196 2910; x_wconf 46' lang='lat'><strong>¹</strong></span> <span class='ocrx_word' id='word_1_319' title='bbox 252 2911 308 2982; x_wconf 79' lang='lat'>(39)</span> <span class='ocrx_word' id='word_1_320' title='bbox 328 2916 391 2969; x_wconf 83' lang='lat' dir='ltr'><strong>Mox</strong></span> <span class='ocrx_word' id='word_1_321' title='bbox 417 2905 586 2982; x_wconf 84' lang='lat' dir='ltr'><strong>Polypercon</strong></span> <span class='ocrx_word' id='word_1_322' title='bbox 608 2915 709 2964; x_wconf 90' lang='lat' dir='ltr'><strong>Noram</strong></span> <span class='ocrx_word' id='word_1_323' title='bbox 731 2905 802 2980; x_wconf 82' lang='lat' dir='ltr'><strong>capit</strong></span> <span class='ocrx_word' id='word_1_324' title='bbox 819 2900 876 2990; x_wconf 80' lang='lat' dir='ltr'><strong>(rct&#39;</strong></span> <span class='ocrx_word' id='word_1_325' title='bbox 895 2907 976 2984; x_wconf 77' lang='grc' dir='ltr'><strong>Ὠρα</strong></span> <span class='ocrx_word' id='word_1_326' title='bbox 997 2917 1067 2984; x_wconf 88' lang='lat' dir='ltr'><strong>apud</strong></span> <span class='ocrx_word' id='word_1_327' title='bbox 1084 2918 1176 2977; x_wconf 71' lang='lat' dir='ltr'><strong>Arria.</strong></span> 
     </span>
    </p>
   </div>
   <div class='ocr_carea' id='block_1_11' title="bbox 184 2988 1177 3128">
    <p class='ocr_par' dir='ltr' id='par_1_13' title="bbox 184 2988 1177 3128">
     <span class='ocr_line' id='line_1_38' title="bbox 184 2988 1177 3059; baseline -0.001 -17"><span class='ocrx_word' id='word_1_328' title='bbox 184 2995 261 3044; x_wconf 75' lang='lat' dir='ltr'><strong>numi</strong></span> <span class='ocrx_word' id='word_1_329' title='bbox 297 2989 449 3042; x_wconf 84' lang='lat' dir='ltr'><strong>Alexander</strong></span> <span class='ocrx_word' id='word_1_330' title='bbox 468 2992 568 3040; x_wconf 82' lang='lat' dir='ltr'><strong>Aornin</strong></span> <span class='ocrx_word' id='word_1_331' title='bbox 589 2999 715 3059; x_wconf 77' lang='lat' dir='ltr'><strong>petram„</strong></span> <span class='ocrx_word' id='word_1_332' title='bbox 728 2988 790 3054; x_wconf 81' lang='lat' dir='ltr'><strong>hinc</strong></span> <span class='ocrx_word' id='word_1_333' title='bbox 809 2991 874 3040; x_wconf 87' lang='lat' dir='ltr'><strong>lndo</strong></span> <span class='ocrx_word' id='word_1_334' title='bbox 892 2991 1016 3054; x_wconf 86' lang='lat' dir='ltr'><strong>flumine,</strong></span> <span class='ocrx_word' id='word_1_335' title='bbox 1036 2992 1098 3048; x_wconf 76' lang='lat' dir='ltr'><strong>hine</strong></span> <span class='ocrx_word' id='word_1_336' title='bbox 1116 2998 1177 3046; x_wconf 74' lang='lat' dir='ltr'><strong>attis</strong></span> 
     </span>
     <span class='ocr_line' id='line_1_39' title="bbox 186 3057 1176 3128; baseline 0.005 -20"><span class='ocrx_word' id='word_1_337' title='bbox 186 3059 353 3125; x_wconf 63' lang='lat' dir='ltr'><strong>uoraginibus</strong></span> <span class='ocrx_word' id='word_1_338' title='bbox 373 3057 579 3122; x_wconf 84' lang='lat' dir='ltr'><strong>circumdatam,</strong></span> <span class='ocrx_word' id='word_1_339' title='bbox 606 3073 761 3127; x_wconf 80' lang='lat' dir='ltr'><strong>oppugnare</strong></span> <span class='ocrx_word' id='word_1_340' title='bbox 780 3061 878 3110; x_wconf 87' lang='lat' dir='ltr'><strong>statuit.</strong></span> <span class='ocrx_word' id='word_1_341' title='bbox 898 3059 1045 3124; x_wconf 81' lang='lat' dir='ltr'><strong>Voragines</strong></span> <span class='ocrx_word' id='word_1_342' title='bbox 1064 3058 1176 3128; x_wconf 67' lang='lat' dir='ltr'><strong>eiplem</strong></span> 
     </span>
    </p>
   </div>
   <div class='ocr_carea' id='block_1_12' title="bbox 185 3125 1176 3244">
    <p class='ocr_par' dir='ltr' id='par_1_14' title="bbox 185 3125 1176 3244">
     <span class='ocr_line' id='line_1_40' title="bbox 185 3125 1176 3244; baseline 0.033 -77"><span class='ocrx_word' id='word_1_343' title='bbox 185 3135 249 3184; x_wconf 69' lang='lat' dir='ltr'><strong>aur,</strong></span> <span class='ocrx_word' id='word_1_344' title='bbox 273 3125 333 3193; x_wconf 77' lang='lat' dir='ltr'><strong>(ao)</strong></span> <span class='ocrx_word' id='word_1_345' title='bbox 360 3127 417 3196; x_wconf 89' lang='lat' dir='ltr'><strong>ipse</strong></span> <span class='ocrx_word' id='word_1_346' title='bbox 441 3142 488 3177; x_wconf 81' lang='lat' dir='ltr'><strong>rex</strong></span> <span class='ocrx_word' id='word_1_347' title='bbox 507 3144 568 3176; x_wconf 85' lang='lat' dir='ltr'><strong>cnm</strong></span> <span class='ocrx_word' id='word_1_348' title='bbox 585 3127 681 3178; x_wconf 80' lang='lat' dir='ltr'><strong>leniter</strong></span> <span class='ocrx_word' id='word_1_349' title='bbox 699 3129 804 3192; x_wconf 82' lang='lat' dir='ltr'><strong>armatis</strong></span> <span class='ocrx_word' id='word_1_350' title='bbox 814 3142 869 3244; x_wconf 74' lang='lat' dir='ltr'><strong>pet·</strong></span> <span class='ocrx_word' id='word_1_351' title='bbox 886 3141 965 3191; x_wconf 55' lang='grc' dir='ltr'><strong>ΝΡΕε</strong></span> <span class='ocrx_word' id='word_1_352' title='bbox 983 3129 1051 3176; x_wconf 65' lang='lat' dir='ltr'><strong>imni</strong></span> <span class='ocrx_word' id='word_1_353' title='bbox 1070 3129 1176 3196; x_wconf 65' lang='lat' dir='ltr'><strong>imPffll&#39;</strong></span> 
     </span>
    </p>
   </div>
   <div class='ocr_carea' id='block_1_13' title="bbox 185 3193 1178 3538">
    <p class='ocr_par' dir='ltr' id='par_1_15' title="bbox 185 3193 1178 3538">
     <span class='ocr_line' id='line_1_41' title="bbox 185 3193 786 3260; baseline 0.003 -18"><span class='ocrx_word' id='word_1_354' title='bbox 185 3193 280 3248; x_wconf 81' lang='lat' dir='ltr'><strong>dentes</strong></span> <span class='ocrx_word' id='word_1_355' title='bbox 298 3195 325 3248; x_wconf 86' lang='lat' dir='ltr'><strong>in</strong></span> <span class='ocrx_word' id='word_1_356' title='bbox 343 3195 469 3246; x_wconf 81' lang='lat' dir='ltr'><strong>verticem</strong></span> <span class='ocrx_word' id='word_1_357' title='bbox 485 3196 587 3258; x_wconf 86' lang='lat' dir='ltr'><strong>nititur,</strong></span> <span class='ocrx_word' id='word_1_358' title='bbox 607 3195 654 3245; x_wconf 90' lang='lat' dir='ltr'><strong>sed</strong></span> <span class='ocrx_word' id='word_1_359' title='bbox 679 3195 786 3260; x_wconf 90' lang='lat' dir='ltr'><strong>incepto</strong></span> 
     </span>
     <span class='ocr_line' id='line_1_42' title="bbox 186 3261 1177 3331; baseline 0.004 -21"><span class='ocrx_word' id='word_1_360' title='bbox 186 3261 366 3318; x_wconf 86' lang='lat' dir='ltr'><strong>Veruntamen</strong></span> <span class='ocrx_word' id='word_1_361' title='bbox 386 3264 533 3331; x_wconf 88' lang='lat' dir='ltr'><strong>pertinacia</strong></span> <span class='ocrx_word' id='word_1_362' title='bbox 552 3265 607 3314; x_wconf 91' lang='lat' dir='ltr'><strong>eius</strong></span> <span class='ocrx_word' id='word_1_363' title='bbox 620 3263 680 3316; x_wconf 89' lang='lat' dir='ltr'><strong>victi</strong></span> <span class='ocrx_word' id='word_1_364' title='bbox 700 3261 806 3314; x_wconf 88' lang='lat' dir='ltr'><strong>barbari</strong></span> <span class='ocrx_word' id='word_1_365' title='bbox 826 3271 927 3328; x_wconf 87' lang='lat' dir='ltr'><strong>petram</strong></span> <span class='ocrx_word' id='word_1_366' title='bbox 946 3271 1029 3310; x_wconf 90' lang='lat' dir='ltr'><strong>noctu</strong></span> <span class='ocrx_word' id='word_1_367' title='bbox 1048 3262 1177 3326; x_wconf 83' lang='lat' dir='ltr'><strong>deserunt</strong></span> 
     </span>
     <span class='ocr_line' id='line_1_43' title="bbox 186 3327 1175 3398; baseline 0.007 -23"><span class='ocrx_word' id='word_1_368' title='bbox 186 3327 268 3380; x_wconf 70' lang='lat' dir='ltr'><strong>effusa</strong></span> <span class='ocrx_word' id='word_1_369' title='bbox 288 3330 355 3398; x_wconf 81' lang='lat' dir='ltr'><strong>iuga.</strong></span> <span class='ocrx_word' id='word_1_370' title='bbox 373 3331 439 3382; x_wconf 93' lang='lat' dir='ltr'><strong>Inde</strong></span> <span class='ocrx_word' id='word_1_371' title='bbox 459 3331 620 3393; x_wconf 84' lang='lat' dir='ltr'><strong>Alexander,</strong></span> <span class='ocrx_word' id='word_1_372' title='bbox 637 3330 721 3398; x_wconf 84' lang='lat' dir='ltr'><strong>pulsis</strong></span> <span class='ocrx_word' id='word_1_373' title='bbox 737 3331 782 3396; x_wconf 87' lang='lat' dir='ltr'><strong>qui</strong></span> <span class='ocrx_word' id='word_1_374' title='bbox 800 3329 896 3380; x_wconf 89' lang='lat' dir='ltr'><strong>itinera</strong></span> <span class='ocrx_word' id='word_1_375' title='bbox 914 3327 1074 3378; x_wconf 89' lang='lat' dir='ltr'><strong>obsidebunt</strong></span> <span class='ocrx_word' id='word_1_376' title='bbox 1091 3331 1175 3397; x_wconf 86' lang='lat' dir='ltr'><strong>Indis,</strong></span> 
     </span>
     <span class='ocr_line' id='line_1_44' title="bbox 185 3397 1178 3467; baseline 0.004 -21"><span class='ocrx_word' id='word_1_377' title='bbox 185 3397 323 3448; x_wconf 79' lang='lat' dir='ltr'><strong>Ecbolima</strong></span> <span class='ocrx_word' id='word_1_378' title='bbox 340 3401 419 3462; x_wconf 88' lang='lat' dir='ltr'><strong>venit,</strong></span> <span class='ocrx_word' id='word_1_379' title='bbox 438 3397 495 3467; x_wconf 67' lang='lat' dir='ltr'><strong>(Aa)</strong></span> <span class='ocrx_word' id='word_1_380' title='bbox 515 3399 577 3452; x_wconf 90' lang='lat' dir='ltr'><strong>hinc</strong></span> <span class='ocrx_word' id='word_1_381' title='bbox 594 3399 628 3454; x_wconf 90' lang='lat' dir='ltr'><strong>ad</strong></span> <span class='ocrx_word' id='word_1_382' title='bbox 648 3415 707 3452; x_wconf 81' lang='lat' dir='ltr'><strong>eunt</strong></span> <span class='ocrx_word' id='word_1_383' title='bbox 725 3399 824 3458; x_wconf 74' lang='lat' dir='ltr'><strong>tonum,</strong></span> <span class='ocrx_word' id='word_1_384' title='bbox 841 3397 887 3446; x_wconf 87' lang='lat' dir='ltr'><strong>ubi</strong></span> <span class='ocrx_word' id='word_1_385' title='bbox 907 3411 975 3460; x_wconf 85' lang='lat' dir='ltr'><strong>pons</strong></span> <span class='ocrx_word' id='word_1_386' title='bbox 995 3398 1021 3444; x_wconf 90' lang='lat' dir='ltr'><strong>in</strong></span> <span class='ocrx_word' id='word_1_387' title='bbox 1040 3397 1107 3450; x_wconf 89' lang='lat' dir='ltr'><strong>Indo</strong></span> <span class='ocrx_word' id='word_1_388' title='bbox 1126 3399 1178 3450; x_wconf 63' lang='lat' dir='ltr'><strong>ilii-³</strong></span> 
     </span>
     <span class='ocr_line' id='line_1_45' title="bbox 186 3459 1174 3538; baseline 0.001 -26"><span class='ocrx_word' id='word_1_389' title='bbox 186 3465 257 3516; x_wconf 85' lang='lat' dir='ltr'><strong>mine</strong></span> <span class='ocrx_word' id='word_1_390' title='bbox 273 3477 447 3538; x_wconf 83' lang='lat' dir='ltr'><strong>praeparatus</strong></span> <span class='ocrx_word' id='word_1_391' title='bbox 464 3477 531 3526; x_wconf 81' lang='lat' dir='ltr'><strong>erat.</strong></span> <span class='ocrx_word' id='word_1_392' title='bbox 570 3465 699 3534; x_wconf 81' lang='lat' dir='ltr'><strong>Omphis,</strong></span> <span class='ocrx_word' id='word_1_393' title='bbox 723 3480 769 3515; x_wconf 81' lang='lat' dir='ltr'><strong>rex</strong></span> <span class='ocrx_word' id='word_1_394' title='bbox 787 3465 857 3516; x_wconf 88' lang='lat' dir='ltr'><strong>inter</strong></span> <span class='ocrx_word' id='word_1_395' title='bbox 875 3459 969 3512; x_wconf 85' lang='lat' dir='ltr'><strong>[ndum</strong></span> <span class='ocrx_word' id='word_1_396' title='bbox 990 3471 1016 3513; x_wconf 88' lang='lat' dir='ltr'><strong>et</strong></span> <span class='ocrx_word' id='word_1_397' title='bbox 1033 3463 1174 3535; x_wconf 73' lang='lat' dir='ltr'><strong>Hydaspen</strong></span> 
     </span>
    </p>
   </div>
   <div class='ocr_carea' id='block_1_14' title="bbox 833 3195 1175 3263">
    <p class='ocr_par' dir='ltr' id='par_1_16' title="bbox 833 3195 1175 3263">
     <span class='ocr_line' id='line_1_46' title="bbox 833 3195 1175 3263; baseline 0.044 -24"><span class='ocrx_word' id='word_1_398' title='bbox 833 3196 940 3244; x_wconf 80' lang='lat' dir='ltr'><strong>esistere</strong></span> <span class='ocrx_word' id='word_1_399' title='bbox 964 3195 1078 3258; x_wconf 82' lang='lat' dir='ltr'><strong>cogitur.</strong></span> <span class='ocrx_word' id='word_1_400' title='bbox 1116 3195 1175 3263; x_wconf 72' lang='lat' dir='ltr'><strong>(itt</strong></span> 
     </span>
    </p>
   </div>
   <div class='ocr_carea' id='block_1_15' title="bbox 0 0 1348 3876">
    <p class='ocr_par' dir='ltr' id='par_1_17' title="bbox 0 0 1348 3876">
     <span class='ocr_line' id='line_1_47' title="bbox 0 0 1348 3876; baseline 0 0"><span class='ocrx_word' id='word_1_401' title='bbox 0 0 1348 3876; x_wconf 95' lang='lat' dir='ltr'><strong> </strong></span> 
     </span>
    </p>
   </div>
  </div>
 </body>
</html>
