2688 3872
411 310 454 361 ne
475 279 596 361 essrrs
616 305 717 360 ntex.
730 311 802 376 vin,
822 315 863 362 so.
1085 319 1131 367 ιιι

63 510 67 514 .
135 477 170 518 ea
192 468 226 518 et
257 457 298 518 ob
321 456 354 518 id
383 455 574 538 impediente
597 469 764 531 conatum,
793 459 960 520 molientes
981 459 1061 519 ictus
1083 477 1134 518 ee·

134 538 260 598 leritate
289 535 428 600 hostium
454 547 657 617 occupantur.
707 539 795 618 Ergo
827 547 936 618 spreto
966 539 1052 620 regis
1080 538 1175 598 imm

158 617 237 690 erio,
263 615 369 699 (quod
390 613 461 674 fere
482 613 534 688 fit,
556 615 612 674 ubi
632 611 764 675 turbatis
787 619 889 677 acrius
915 627 1017 678 mettis
1040 628 1134 700 quant

133 637 199 756 dux
221 697 381 776 imperare
404 694 535 774 coepit)
558 693 691 754 totidem
710 707 798 754 erant
810 697 1033 776 imperatores,
1056 706 1134 780 quot

134 775 256 856 agmina
278 773 438 835 errabant.
483 773 572 833 Alius
596 774 729 854 iungere
747 774 857 844 aciem,
878 776 955 836 alius
978 767 1169 846 dividerent

135 867 222 916 stare
252 853 396 936 quidam,
425 863 458 911 et
490 851 633 912 nonnulli
655 853 850 913 circumvehi
879 868 967 935 terge
995 854 1133 918 hostium

132 933 295 994 iubebant.
336 931 421 990 Nihil
455 931 485 990 in
515 932 655 992 medium
686 933 921 998 consulebatur.
964 935 1067 997 Porus
1089 947 1171 994 taes

133 1034 208 1074 rnen
230 1033 301 1074 cum
331 1009 456 1104 paucis,
487 1011 603 1092 quibus
634 1002 856 1092 metupotior
883 1013 989 1073 suerat
1016 1012 1134 1094 pudet,

134 1093 291 1175 colligere
313 1093 493 1170 dispersos,
521 1089 634 1150 obvius
661 1089 744 1150 hosti
770 1092 817 1152 ire
838 1093 960 1174 pergit,
984 1089 1132 1172 elephan-

132 1183 245 1256 tosque
268 1183 340 1232 ante
362 1189 473 1250 agmen
495 1190 626 1230 suerum
647 1171 697 1251 agi
717 1170 816 1246 iubet.
851 1174 998 1254 Magnum
1019 1173 1169 1232 beluae2³

133 1252 275 1313 iniecere
297 1263 468 1318 terrorem,
490 1249 698 1332 insolitusque
721 1250 841 1311 stridor
864 1273 926 1312 non
943 1273 1045 1336 eques
1067 1271 1134 1312 me·

133 1332 187 1402 do,
208 1343 270 1390 tem
293 1328 442 1411 pavidum
467 1329 506 1388 ad
529 1329 632 1388 emnia
654 1329 783 1406 animan
812 1331 868 1391 sed
895 1333 981 1392 vires
1003 1339 1157 1414 quoqne.

133 1411 328 1492 ordinesque
364 1407 559 1469 turbaverat
608 1410 672 1468 lam
705 1409 801 1491 fugae
838 1409 1168 1492 circumspiciebanttt

90 1512 93 1520 ’
132 1490 241 1551 locum
263 1489 358 1570 paulo
388 1492 459 1548 ante
481 1489 638 1562 rictores3
667 1509 736 1548 curn
769 1489 950 1551 Alexander
977 1492 1134 1573 Agrianos

133 1581 167 1634 et
189 1569 326 1628 Thracas
357 1568 474 1627 leviter
505 1576 659 1641 armatos,
694 1567 860 1628 meliorem
891 1575 1133 1632 concursatione
1213 1631 1217 1642 ,

133 1670 226 1732 quam
250 1647 390 1708 eominus
412 1645 554 1720 militem,
576 1645 679 1706 emisit
700 1647 731 1706 in
752 1647 874 1711 beluas.
916 1653 1078 1731 Ingentem
1100 1649 1170 1713 hies

136 1728 199 1788 vim
221 1729 360 1789 telorum
382 1724 521 1784 iniecere
544 1736 577 1784 et
601 1723 776 1805 elephantis
806 1740 838 1786 et
859 1723 1043 1809 regentibus
1064 1750 1131 1790 eos.
1227 1771 1230 1777 ,

132 1806 273 1867 Phalanx
294 1825 423 1897 quoque
445 1803 561 1863 instare
586 1811 767 1864 constanter
787 1808 907 1866 territis
930 1809 1045 1887 coepit.
1068 1805 1168 1868 sedte

135 1887 264 1970 quidam
291 1884 413 1946 avidius
443 1883 608 1963 persecuti
635 1881 744 1942 beluas
773 1882 803 1941 in
833 1897 934 1945 semet
963 1886 1132 1946 inritavere

132 1965 328 2028 vulneribus.
374 1962 495 2024 Obtriti
517 1977 596 2042 crgo
624 1961 761 2042 pedibus
796 1983 903 2022 earum
932 1965 1063 2039 ceteris,
1097 1976 1134 2023 ut

132 2045 259 2126 parcius
282 2044 447 2118 instarent,
472 2039 566 2120 suere
588 2041 825 2104 documentum.
868 2043 1047 2124 Praecipue
1068 2043 1169 2104 ter-27
1262 2037 1265 2045 ⁴

133 2117 235 2184 ribilis
260 2123 313 2182 illa
335 2121 434 2181 l'acies
461 2123 546 2196 erat,
569 2140 639 2179 cum
661 2141 755 2180 mann
777 2141 863 2182 arma
884 2123 1035 2205 viresque
1061 2143 1132 2184 cor-

133 2204 280 2284 riperent
306 2213 337 2262 et
368 2215 468 2282 super
498 2221 532 2260 se
567 2200 752 2292 regentibus
790 2202 965 2266 traderent.
1004 2202 1167 2285 Ancepstt

133 2303 212 2364 ergo
233 2303 340 2420 pupna
355 2301 437 2340 nunc
456 2290 765 2372 sequent1um‚nune
782 2279 970 2363 fugientium
985 2281 1133 2422 elephan-

133 2373 206 2438 tos,
229 2383 282 2421 mu
296 2373 363 2420 turn
393 2361 456 2420 diei
484 2374 607 2420 varrum
640 2371 801 2420 certamen
835 2364 986 2439 extraxit3
1051 2372 1133 2423 onec

134 2441 299 2501 securibus
326 2431 375 2520 (id
395 2452 531 2521 nemque
552 2453 651 2518 genus
674 2433 779 2498 auxilii
799 2449 1022 2521 praeparatum
1048 2441 1132 2518 erat)

158 2516 233 2591 edes
255 2531 419 2599 amputare
441 2527 628 2598 coeperunt.
672 2517 809 2596 Copidas
831 2521 988 2580 vocabant
1010 2519 1168 2601 gladios&

110 2540 250 2666 leviter
272 2608 421 2658 curvatos
443 2596 578 2656 falcibus
600 2595 735 2670 similes,
767 2599 836 2676 quis
866 2599 1058 2678 appetebant
1078 2593 1134 2657 bea

132 2678 276 2736 lueruntr
296 2690 416 2736 manus.
438 2678 505 2736 Nec
535 2665 702 2757 quicquam
733 2673 935 2756 inexpertum
964 2690 1026 2736 nen
1048 2686 1133 2736 tuor·

131 2757 171 2816 tis
194 2754 289 2814 modo
318 2755 375 2814 sed
401 2755 494 2814 etiam
516 2756 546 2814 in
562 2752 629 2834 ipsa
645 2765 751 2814 morte
772 2755 847 2817 nevi
870 2755 1016 2835 supplicii
1037 2755 1146 2814 timor¹

132 2833 309 2894 omittebat.

211 2913 320 2991 Ergor
340 2909 499 2988 elephanti
531 2911 715 3002 vplneribu's
749 2913 875 2972 tandem
905 2900 1028 2989 fatigati
1057 2913 1171 2982 suessio

132 2993 255 3074 impetu
277 2993 432 3064 sternunt,
454 3000 562 3070 etqui
586 3001 736 3050 rexerant
765 3009 838 3065 eos,¹
867 2992 1066 3074 praecipitati
1098 2993 1130 3050 in

134 3150 329 3167 Μ

183 3263 228 3324 25)
248 3256 279 3312 ii
293 3252 349 3312 vim
371 3249 446 3314 Frsli.

182 3335 227 3396 29)
247 3329 401 3380 sicutmodo
420 3329 515 3379 mortis
533 3326 633 3398 irensp.
653 3322 730 3394 Voss.
749 3325 773 3386 Q.
