2688 3872
197 3699 203 3718 Ι

227 419 275 470 ars
524 398 527 405 '
588 417 621 482 o.
646 411 858 466 casalinum

229 562 261 617 ad
281 564 423 632 hospitium
447 564 515 614 illius
533 566 656 614 celeriter
672 565 772 631 pergit:
789 579 875 632 neque
893 571 981 613 tamen
1001 565 1074 632 prins
1091 582 1123 616 eo
1140 583 1203 634 prr·

227 635 308 696 venit,
330 649 408 699 quam
424 633 498 681 illum
515 649 587 681 mors
605 642 769 700 occupasset.
794 632 824 680 ld
848 635 901 696 regi
927 633 1058 693 Otttnlum,
1085 651 1152 700 quae
1179 637 1205 683 in

227 706 277 752 rita
309 703 470 768 pertulerat,
499 701 668 750 adversorum
695 701 915 750 luctuosissimum
944 697 1071 750 accidisse
1101 711 1204 752 certum

229 770 349 832 habetur,
368 785 489 835 eumque,
514 766 692 832 magnitudine
711 769 812 818 doloris
835 767 861 816 in
887 769 1010 824 lacrimas
1038 778 1063 819 et
1090 769 1204 820 lamenta

227 839 333 896 victum,
349 839 432 886 multa
449 837 528 885 animi
547 837 580 886 de
597 836 678 901 gradu
702 837 797 886 deiecti
820 845 972 901 argumenta
992 835 1113 891 edidisse.
1151 838 1205 888 Sed

214 901 258 956 ¹ea
278 904 383 974 quidem
403 905 472 954 varic
490 903 646 955 traduntur:
665 903 732 954 illud
750 905 818 954 inter
836 921 925 954 omnes
945 913 1057 962 constat,
1078 914 1106 954 ut
1125 923 1204 972 quam

212 973 423 1024 'decentissimas
441 974 575 1038 exsequias
595 973 618 1021 ei
642 973 770 1036 duceret,
794 973 911 1028 noluisse
929 969 1068 1022 Ecbatanis
1086 977 1204 1040 sepeliri,

227 1042 273 1092 sed
291 1043 461 1109 Babylonem,
481 1058 534 1106 quo
555 1041 609 1108 ipse
629 1055 802 1092 concessurus
822 1049 887 1100 erat,
915 1056 929 1088 a
954 1039 1082 1091 Perdicca
1102 1042 1203 1092 deleret

213 1110 349 1161 curasse:
377 1110 466 1176 ibique
485 1110 561 1157 lanus
587 1109 707 1158 inaudito
726 1108 836 1158 antehae
858 1110 980 1174 exemplo
1001 1107 1144 1160 duodecim
1163 1119 1203 1160 ta·

226 1181 328 1230 lentum
347 1177 452 1226 milibus
470 1178 604 1226 locavisse.
625 1179 675 1227 Per
696 1179 845 1226 universnm
865 1184 937 1226 certe
959 1177 1099 1244 imperium
1119 1181 1204 1244 lugeri

215 1247 287 1315 ,eum
307 1248 393 1297 iussit:
415 1243 440 1294 et
458 1261 491 1294 ne,
510 1245 641 1294 memoria
659 1247 713 1295 eius
731 1247 759 1294 in
776 1246 893 1295 exercitu
914 1245 1087 1310 exolesceret,
1107 1249 1203 1314 equiti·

225 1317 285 1380 bus,
305 1315 362 1381 quis
382 1313 542 1378 praefuerat,
560 1315 660 1362 nullum
677 1314 805 1380 praefecit
823 1312 929 1374 ducem,
944 1311 991 1362 sed
1002 1313 1202 1381 Hephaestionis

210 1386 295 1434 'alam
314 1382 440 1450 appellari
460 1382 551 1443 voluit,
564 1389 594 1430 ,et
610 1399 676 1447 qnae
696 1383 741 1430 ille
762 1382 835 1446 signa
851 1381 1013 1443 instituisset,
1033 1399 1063 1432 ea
1081 1399 1134 1431 non
1152 1385 1201 1431 im·

225 1451 331 1500 mutari.
367 1446 499 1503 Funebria
526 1451 670 1498 certamina
695 1448 841 1515 ludosque,
868 1449 958 1514 quales
984 1465 1116 1515 nunquam
1136 1450 1201 1499 editi

226 1520 352 1585 fuissent,
378 1515 534 1579 meditatas,
557 1517 608 1565 tria
626 1513 752 1567 artificum
773 1517 843 1564 milia
863 1515 965 1580 coegit:
983 1519 1026 1582 qui
1045 1534 1098 1567 non
1116 1522 1201 1567 11111Ξί)

224 1595 286 1652 post
305 1588 330 1634 in
349 1587 429 1650 ipsias
449 1585 576 1650 exsequiis
595 1594 710 1635 certasse
729 1586 857 1634 feruntur.
875 1585 932 1634 Nec
951 1585 1028 1634 amici
1045 1593 1098 1634 tam
1118 1587 1201 1637 cll'no

224 1654 319 1705 affectu
338 1653 369 1704 ad
389 1651 584 1704 conciliandam
604 1653 659 1702 eius
678 1655 787 1717 gratiam
806 1653 920 1717 segniter
937 1653 993 1714 usi,
1022 1656 1141 1703 certatim
1157 1672 1200 1704 rr-

243 1717 396 1789 ererc,⁸per
412 1734 478 1790 qaae
497 1722 626 1770 memoria
644 1721 760 1772 defuncti
780 1721 877 1772 clarior
894 1720 1103 1788 honoratiorque
1115 1720 1200 1777 lieret.

223 1741 307 1858 igitur
325 1787 464 1853 Eumenes,
485 1807 544 1840 cnm
564 1807 591 1838 se
608 1791 643 1839 ob
663 1788 821 1840 simultatem
842 1805 899 1838 cum
919 1787 1113 1854 Hephaestione
1130 1794 1199 1855 regis

223 1859 427 1924 indignationem
446 1859 588 1908 incurrisse
606 1859 747 1920 sensisset,
764 1857 852 1906 maltis
870 1865 964 1906 auctor
987 1856 1050 1919 tuit,
1068 1875 1149 1925 seque
1172 1869 1199 1909 et

223 1944 295 1977 arma
312 1945 357 1977 sua
375 1924 560 1992 Hephaestioni
580 1925 761 1989 consecrandi,
780 1927 957 1992 pecuniasque
974 1923 1006 1972 ad
1024 1924 1201 1979 cohonestar-

223 1995 285 2044 dam
305 1996 381 2045 sonas
399 1993 472 2058 large
491 1995 612 2043 contulit.
647 1995 704 2044 Hoc
728 1995 882 2060 exemplum,
903 1993 995 2041 imitati
1020 2003 1080 2042 sont
1099 1999 1199 2046 ceteri:

222 2079 308 2132 eoque
325 2081 386 2113 mox
407 2065 535 2130 processit
553 2064 757 2112 assentationum
773 2060 946 2128 impudentia,
963 2068 994 2108 ut
1008 2062 1062 2126 regi
1077 2077 1199 2112 maerore

156 2196 159 2198 ,
222 2141 248 2184 et
266 2131 398 2184 desiderio
417 2129 534 2181 defuncti
553 2131 694 2181 insanienti
717 2143 869 2199 persuasum
888 2123 994 2178 tandem
1008 2129 1094 2192 fuerit,
1114 2131 1213 2182 Donni«

221 2197 278 2250 csse
307 2198 537 2266 Hephaestionem.
570 2198 632 2263 Quo
650 2197 757 2265 quidem
775 2207 898 2264 ternpore
915 2213 946 2246 ex
965 2197 1102 2263 copiarum
1122 2199 1198 2248 doci·

220 2267 270 2316 bus
288 2266 447 2333 Agathocles
466 2265 568 2314 Samius
586 2265 619 2314 ad
639 2269 783 2317 extremum
803 2265 915 2331 periculi
934 2265 1013 2328 venit,
1037 2263 1107 2329 quod
1128 2269 1199 2317 illius

212 2336 350 2384 'tumulum
369 2331 536 2398 »praeteriens
563 2333 733 2384 illacrimasse
758 2335 824 2381 visus
851 2340 926 2381 esset.
965 2332 1003 2380 Ac
1022 2334 1070 2382 nisi
1091 2335 1197 2385 Perdio-

221 2419 275 2463 cas,
295 2401 396 2451 venanti
416 2399 465 2448 sibi
484 2399 704 2466 Hephaestionem
723 2400 874 2469 apparuisse
893 2399 1042 2464 ementitus,
1064 2415 1112 2468 per
1127 2403 1198 2454 Dios

221 2487 310 2521 omnes
329 2470 468 2536 ipsumque
487 2467 705 2534 Hephaestionem
719 2468 885 2530 'deierasset,
912 2483 943 2516 ex
970 2467 1028 2533 ipso
1052 2486 1079 2519 se
1098 2485 1197 2534 cogno·
1224 2494 1226 2500 v

198 2541 295 2602 ¹visse,
315 2536 487 2604 Agathoclem
512 2551 565 2584 non
591 2544 619 2585 ut
646 2547 778 2586 mortuum
805 2541 831 2584 et
857 2549 938 2584 ranae
956 2534 1096 2586 divinitatis
1114 2541 1197 2590 titulis

220 2607 316 2658 trustra
330 2608 457 2655 ‘ornatum
475 2601 584 2667 flevisse,
603 2607 741 2656 verum-oh
759 2604 912 2654 memoriam
925 2604 1051 2670 pristinae
1069 2605 1197 2656 sodalita-

219 2677 253 2724 tis
272 2669 392 2726 lacrimas
411 2689 464 2722 non
482 2674 615 2734 tenuisse,
640 2675 678 2722 vir
701 2673 776 2724 lortis
805 2679 830 2723 et
856 2671 889 2720 de
912 2687 974 2736 roge
992 2672 1065 2723 'bone
1089 2678 1196 2726 meritus

219 2743 324 2812 pietatis
345 2744 370 2792 in
393 2741 504 2790 amioum
524 2756 612 2805 gratias
631 2757 729 2810 poenas
746 2737 854 2791 innoxio
874 2740 959 2806 capite
977 2742 1153 2808 pependisset.

288 2809 412 2860 Ceterum
432 2818 461 2856 ut
480 2810 613 2875 paulisper
628 2828 642 2860 a
661 2813 734 2860 luctu
747 2816 869 2858 avocaret
885 2808 1008 2868 animam,
1028 2811 1053 2856 in
1068 2811 1195 2860 Cossaeo.

218 2895 278 2928 ram
296 2885 399 2944 gentem
419 2877 614 2944 expeditionem
642 2881 765 2946 suscepit.
806 2875 869 2940 luga
886 2875 990 2923 Mediae
1010 2879 1109 2926 vicinae
1130 2881 1196 2928 (Tos-

151 3013 154 3024 1
219 2948 271 2997 saei
291 2947 398 3008 tenent,
426 2955 549 3012 asperum
573 2944 598 2995 e't
621 2960 681 2998 acre
699 2963 789 3013 genus,
812 2945 838 2994 et
856 2943 1008 3010 praedando
1030 2948 1107 3006 vitam
1127 2951 1195 2998 tole·

228 3075 397 3094 'uun—nuat-

215 3183 275 3218 ·111.
302 3169 430 3218 tta-113.
453 3169 509 3218 115.
530 3172 585 3222 1161
610 3161 718 3226 Areias.
746 3181 769 3229 7,
789 3167 814 3228 3,
832 3167 846 3217 8
865 3176 890 3218 et
911 3184 950 3231 ra,
972 3171 1010 3229 15,
1035 3167 1072 3226 18,
1096 3173 1133 3222 16.
1156 3183 1194 3232 19,

155 3249 160 3261 ’
220 3249 264 3294 203
293 3225 404 3296 deinde,
428 3251 451 3302 7.
480 3237 504 3296 3,
525 3249 547 3286 a.
575 3250 600 3300 7,
619 3241 644 3298 5,
662 3235 679 3284 6
699 3243 725 3284 et
745 3251 783 3288 11.
806 3239 831 3286 et
855 3237 880 3284 in
900 3238 1012 3304 Epictet.
1032 3253 1055 3296 a,
1074 3253 1114 3286 aa.
1134 3236 1216 3284 ttius

219 3299 304 3356 ta‘rch,
331 3303 405 3350 Alex.
433 3303 489 3353 123.
523 3304 578 3368 raq-
610 3319 662 3367 rap.
692 3311 716 3353 et
749 3305 774 3352 in
807 3303 923 3354 Eumene
957 3312 1014 3372 cap.
1043 3304 1066 3368 4.
1092 3307 1194 3356 Aetion.

220 3371 301 3434 Varr„
320 3370 430 3418 Historr.
455 3368 478 3433 γ’,
505 3372 529 3420 8.
553 3371 641 3421 lustin.
673 3388 710 3431 ra,
755 3373 783 3441 ,3
817 3381 841 3422 et
872 3389 895 3434 1.
926 3387 963 3434 ra,
992 3375 1029 3435 15,
1060 3379 1084 3427 3.
1116 3376 1193 3438 l'oly-

221 3455 268 3488 aen
294 3435 318 3500 lp,
336 3437 360 3496 3,
379 3438 418 3503 la.
439 3436 523 3491 Strab.
543 3441 589 3489 lib.
619 3457 661 3495 11,,
682 3441 782 3490 Seneca
801 3440 906 3496 Suasor,
931 3438 955 3504 4
979 3438 1050 3489 Cart.
1070 3447 1097 3504 5,
1120 3443 1145 3504 8,
1172 3457 1192 3495 1.

224 3519 262 3570 ro,
288 3522 310 3568 r,
332 3505 369 3554 16.

1329 3469 1332 3520 l
