2688 3872
178 345 226 398 152
352 368 357 372 —
471 332 478 340 “
545 339 579 406 Q.
597 339 810 392 cusr11scrr

177 506 252 546 num
274 479 476 570 adeundique
497 485 650 550 terminos
672 482 794 558 mundi,
814 483 882 545 sine
897 482 1038 567 regionis
1052 485 1177 567 peritis,

176 563 299 628 llumini
323 564 435 646 ignoto
458 575 554 646 caput
573 586 665 626 suum
685 576 799 647 totque
819 563 1071 626 fortissimorum
1090 565 1177 627 viro·

141 643 249 705 ssium
278 643 412 704 salutem
463 645 628 705 ermittere
654 649 671 688 ²³
697 642 894 722 Navigabam
926 663 1006 725 eergo
1030 644 1178 704 omnium

176 743 236 805 per
264 743 346 805 quae
372 665 561 797 ferebantur
592 723 703 860 ipnari.
762 722 901 808 Qantum
936 722 1010 782 inde
1050 721 1178 784 abesset

177 821 285 875 mare,
312 823 393 884 quae
423 815 535 884 gentes
563 821 602 862 co
617 812 727 878 erent,
755 821 851 882 quam
876 800 1037 882 placidum
1078 801 1178 862 amnis

178 900 230 949 os,
261 901 357 963 quam
386 883 510 964 patiens
531 881 698 963 longarum
723 879 850 939 navium
875 891 975 955 esset,
1005 899 1122 961 anceps
1143 891 1179 942 et

98 997 102 1010 .
138 971 153 1014 s
178 979 273 1020 caeca
298 960 476 1022 aestimatio
505 960 734 1042 augurabatur.
774 960 877 1018 Unum
900 971 969 1018 crat
990 960 1178 1020 temeritatis

177 1038 324 1098 solatium
344 1053 503 1120 perpetua
526 1039 670 1100 felicitas.
701 1040 775 1098 rlam
794 1038 901 1098 CCCC
924 1038 1023 1098 stadia
1044 1058 1178 1120 proces-

175 1129 294 1186 serant,
317 1137 389 1179 cum
404 1119 638 1199 gubernatores
654 1137 828 1199 agnoscere
843 1117 931 1198 ipsos
944 1139 1051 1177 auram
1070 1115 1181 1192 maris‚'

178 1211 211 1256 et
231 1195 316 1256 hand
337 1197 453 1276 procul
473 1197 579 1260 sideri
608 1197 668 1258 sibi
689 1197 855 1259 Oceanum
880 1195 1009 1272 abesse,
1037 1196 1178 1256 indicant

141 1283 158 1327 4
178 1277 256 1356 regi.
288 1277 408 1335 Laetus
432 1277 486 1336 illc
506 1275 628 1337 hortari
647 1277 791 1338 nauticos
811 1267 930 1356 coepit,
955 1274 1179 1336 incumberent

179 1353 293 1414 remis:
316 1353 427 1416 adesse
448 1355 543 1416 finem
563 1355 683 1417 laboris
704 1354 850 1417 omnibus
876 1353 959 1415 votis
972 1355 1178 1434 'expetitum3

162 1433 241 1500 ‚iam
261 1431 338 1491 nihil
352 1432 473 1513 gloriae
487 1435 610 1512 deesse,
631 1435 709 1494 nihil
730 1433 858 1496 obstare
882 1433 1000 1506 virtuti,
1021 1433 1089 1493 sine
1103 1433 1178 1492 ullo

179 1511 288 1572 Martis
315 1510 505 1590 discrimine,
529 1513 596 1574 sine
617 1514 768 1596 sanguine
790 1510 903 1572 orbem
923 1523 1031 1572 terrae
1055 1512 1178 1572 abillis

179 1590 264 1670 capi3
296 1609 337 1650 ne
363 1604 507 1653 naturam
536 1592 666 1686 quidem
698 1593 830 1675 longius.
854 1610 950 1671 posse
978 1591 1189 1672 procederes

144 1664 270 1736 ⁵brevi
288 1669 449 1763 incognita
467 1671 528 1732 nisi
548 1671 779 1734 immortalibus
800 1690 872 1731 esse
891 1670 1024 1733 visuros.
1050 1671 1179 1730 Paucos

165 1757 286 1809 ..tamon
307 1751 432 1832 navrgio
457 1751 562 1812 emisit
582 1752 614 1813 in
630 1751 744 1832 ripam,
765 1749 821 1846 qui
842 1761 983 1832 agrestes
1005 1755 1103 1830 uagos
1124 1769 1179 1808 ex·

106 1880 110 1888 ,
180 1825 336 1906 ciperem,
355 1849 374 1888 e
396 1831 512 1912 quibus
534 1831 674 1891 certiora
696 1849 785 1893 nosci
810 1847 906 1910 posse
928 1827 1085 1908 sperabat.
1128 1826 1178 1886 llli

140 1909 156 1958 ⁶
180 1907 314 1966 scrutati
336 1910 441 1971 omnia
461 1910 600 1992 tuguria,
622 1911 752 1970 tandem
772 1909 906 1989 latentes
924 1926 1090 1986 reperere.
1112 1905 1179 1997 Qui

179 1985 378 2068 interroga-ti,
398 2009 494 2072 quam
514 1988 629 2070 procul
651 1989 778 2050 abesset
799 1985 910 2049 mars?
931 1985 1180 2068 responderunt,

177 2066 301 2126 nullum
327 2065 413 2149 ipsos
442 2061 531 2128 mare
556 2087 597 2128 ne
623 2067 706 2128 fama
727 2069 856 2150 quidem
878 2065 1055 2146 accepisse:
1092 2076 1178 2124 cete·

177 2165 249 2204 rum
262 2144 360 2204 tertio
375 2144 427 2206 die
443 2145 608 2228 perveniri
622 2165 718 2226 posse
738 2147 778 2207 ad
792 2166 911 2229 aquam
930 2164 1075 2216 amaram,
1096 2162 1178 2236 quae

179 2236 406 2305 corrumperet
425 2225 564 2290 dulcem.
605 2225 806 2289 Intellectum
826 2236 893 2303 est,
918 2241 1006 2285 mare
1027 2222 1178 2284 destinari

184 2375 376 2390 m

177 2449 260 2500 habet
282 2449 406 2509 incessit,
424 2449 458 2499 ab
477 2448 517 2499 his
536 2449 627 2502 Codd.
646 2451 789 2517 omissum;
808 2452 906 2504 deinde
925 2453 1004 2504 Voss.
1023 2465 1047 2502 2·
1067 2448 1178 2501 exbibet

175 2517 364 2585 pei-mitterem
390 2533 444 2584 quo
474 2517 574 2569 iactum
601 2527 659 2579 est,
679 2529 709 2569 ut
726 2521 843 2592 interpp.
868 2521 931 2572 inde
949 2521 981 2572 ab
999 2517 1123 2569 Acidalio
1148 2517 1177 2564 iu
1244 2564 1247 2570 ,

175 2583 205 2638 b.
227 2585 245 2634 l.
264 2583 442 2648 offenderent,
459 2587 617 2652 praesertim
635 2588 670 2638 ob
686 2587 878 2639 inconcinnam
896 2597 1060 2647 structuram
1075 2584 1171 2633 visen·

177 2649 216 2708 di,
236 2649 364 2712 abscindi,
383 2660 409 2702 et
428 2669 489 2702 mox
503 2655 679 2720 permittere;
697 2656 846 2722 Zumpfius,
862 2657 907 2726 qui
922 2655 989 2706 illud
1010 2653 1122 2702 incessit
1143 2667 1174 2701 cx
1254 2677 1266 2687 ν

179 2727 283 2772 auctor.
304 2719 393 2769 Codd.
412 2720 521 2782 abiecit,
538 2723 723 2773 Freinshemio
742 2718 901 2783 assentitur,
927 2723 969 2773 cui
990 2729 1049 2787 post
1067 2737 1091 2767 v.
1111 2735 1175 2785 per-

140 2789 287 2852 „mittere
305 2787 414 2839 verbum
434 2789 523 2852 coegit
546 2797 591 2838 aut
617 2789 681 2856 quid
703 2789 790 2840 simile
815 2790 943 2843 excidisse
961 2789 1083 2849 videtur;
1098 2787 1175 2852 ἸΚοίς.
1212 2826 1218 2836 .

180 2872 240 2904 cum
260 2853 394 2906 Schmied.
415 2863 488 2902 term.
508 2854 606 2906 mundi
623 2853 760 2920 redegit,
786 2869 822 2908 ut
843 2858 904 2908 sine
930 2855 1176 2924 rerepermisterrc

180 2928 333 2972 exauctor.
354 2917 422 2970 Ccd.
442 2921 519 2972 Voss.
531 2935 563 2980 a.
582 2933 608 2974 et
625 2922 742 2974 Tlieccr.

249 2986 276 3050 a)
294 2986 371 3040 Voss.
389 2993 414 3042 2.
433 2989 489 3037 Pal.
509 2991 683 3040 existimatio.

248 3053 276 3118 3)
299 3052 379 3103 Voss.
399 3061 424 3110 2.
445 3065 545 3124 transp.
569 3057 625 3107 sibi
639 3055 741 3106 videri.
781 3089 789 3094 -

249 3121 276 3190 4)
294 3135 345 3188 pro
366 3122 501 3187 omatibus,
519 3124 593 3190 quod
620 3123 691 3174 Edd.
715 3131 776 3173 vett.
803 3123 903 3176 babent
930 3123 1028 3174 omisso
1057 3117 1175 3178 laboris,

182 3190 270 3248 Codd.
288 3195 355 3254 opit.
376 3191 472 3243 omnis.
492 3217 523 3225 -
543 3190 633 3240 deesse
649 3191 753 3256 gloriae
768 3200 867 3260 transp,
890 3193 969 3244 Voss.
985 3195 1010 3244 2·
1037 3211 1070 3224 ··
1103 3183 1176 3234 idem

179 3266 257 3316 Voss.
275 3273 299 3307 α,
324 3260 408 3308 omitt.
427 3259 564 3320 nisr'5Pal.
588 3268 610 3312 1,
632 3256 803 3306 nior-talibus.

247 3326 274 3392 5)
296 3322 371 3377 Voss.
397 3340 418 3374 ι.
440 3325 469 3372 in
487 3326 563 3390 ἡμας
582 3326 658 3376 Voss.
677 3331 702 3379 2.
720 3325 887 3404 vagosque}

246 3395 273 3463 6)
293 3389 370 3457 vulgo
390 3389 516 3440 abessent
533 3394 611 3444 muri.
630 3419 662 3462 -j
676 3409 729 3461 'prc
749 3392 884 3444 destinari
899 3391 976 3454 blesa.
991 3403 1014 3442 2.
1023 3385 1175 3451 designari.
