2688 3872
440 330 441 334 κ
460 313 505 367 ne
525 312 648 365 casus
667 275 769 366 anax.
787 315 858 380 vm,
876 312 918 380 aa.
1134 318 1182 372 toa

177 475 312 524 strenue
332 461 480 523 invectus
499 472 556 522 est.
581 457 716 538 Scythae
737 473 770 520 et
789 461 899 524 Dahae
926 464 1022 544 primi
1043 461 1182 527 omnium

175 544 326 604 invasere
354 541 465 600 Indos:
503 537 691 601 Perdiccam
719 540 833 600 deindo
860 562 932 602 cum
962 545 1120 626 equitibus
1150 547 1181 604 in

178 623 329 682 dextrum
359 639 460 680 cornu
485 619 623 680 hostium
655 619 769 680 emisit.
806 621 871 680 lam
903 623 1043 704 undique
1074 646 1219 706 pugnae

178 721 218 762 se
238 711 400 772 moverat3
424 718 496 759 cam
511 697 554 772 hi,
576 698 630 780 qui
644 717 758 758 currus
773 700 915 779 agebant,
936 701 1014 762 illud
1035 705 1180 764 ultimum

179 779 332 840 auxilium
356 777 719 852 s1101·umrati‚ciiusis
742 777 873 838 habenis
902 780 933 840 in
960 783 1098 841 medium
1121 781 1182 842 dis-

179 860 302 922 crimen
331 876 428 916 ruere
457 867 644 936 coeperunt.
684 858 813 936 Anceps
841 855 874 916 id
903 859 1017 918 malum
1039 864 1219 943 utrisque?

180 948 271 999 erat:
299 958 371 996 nam
394 947 426 994 et
447 935 657 996 Macedonum
677 935 802 1015 pedites
825 929 929 1016 primo
950 938 1071 1029 impetn
1093 933 1182 1002 obte-

178 1016 354 1089 rebantur,
386 1019 418 1074 et
446 1029 507 1094 per
535 1014 657 1074 lubrica
686 1027 781 1096 atque
810 1017 891 1076 invia
919 1011 1050 1078 imm1ssi
1071 1039 1183 1080 currus

181 1095 385 1157 excutiebant
407 1113 473 1164 eos,
496 1115 513 1152 a
535 1092 650 1174 quibus
672 1091 881 1175 regebantur3
909 1095 1042 1159 aliorum
1063 1095 1184 1158 turbati
1206 1109 1222 1159 c

182 1175 259 1257 equi
282 1194 345 1234 non
366 1169 397 1230 in
418 1173 588 1254 voragines
610 1173 705 1232 modo
730 1176 936 1257 lacunasque,
957 1175 1014 1244 sed
1036 1177 1129 1236 ctiam
1150 1179 1182 1237 in

181 1274 305 1314 amnem
328 1251 581 1332 praecipitavere
611 1244 798 1330 curricula}
818 1255 912 1334 pauci
939 1255 1011 1315 telis
1043 1249 1222 1316 bostiumt

182 1333 288 1394 exacti
307 1341 519 1412 penetravere
545 1331 584 1391 ad
607 1333 729 1392 Porum
753 1333 908 1394 acerrime
938 1355 1077 1418 pugnam
1099 1337 1184 1394 cien-

182 1423 257 1473 tem.
773 1469 775 1478 ,

267 1492 314 1563 Is,
334 1502 371 1550 nt
392 1490 560 1569 dissipatos
581 1502 649 1551 tota
671 1491 738 1551 acie
761 1512 875 1552 currus
895 1493 1004 1585 vagari
1024 1487 1091 1554 sine
1111 1503 1222 1568 rec-[18

183 1571 309 1639 toribus
326 1570 416 1639 vidit,
439 1568 590 1648 proximis
613 1570 785 1630 amicorum
806 1563 965 1632 distribuit
985 1574 1181 1655 elephantos.

185 1652 266 1710 Post
287 1667 342 1708 eos
363 1658 514 1728 posuerat
534 1647 676 1726 peditem
698 1669 734 1708 ae
755 1650 934 1730 sagittarios
949 1663 1092 1732 tympana
1113 1653 1218 1734 pul-to
1311 1681 1316 1690 .

184 1749 255 1788 sare
277 1727 396 1788 solitos.
442 1725 477 1784 ld
510 1745 570 1804 pro
595 1737 688 1784 cantu
708 1728 857 1788 tubarum
886 1729 969 1788 Indis
1000 1743 1086 1798 erat,
1121 1751 1182 1792 nec

184 1819 250 1868 stre
275 1808 323 1866 itu
350 1826 462 1866 eorum
493 1803 718 1880 movebantur,
764 1807 838 1866 olim
868 1808 907 1869 ed
933 1819 1043 1868 notum
1071 1829 1183 1888 sonum

184 1827 312 1946 auribus
341 1883 499 1962 mitigatis.
547 1883 695 1943 Herculis
724 1885 923 1945 simulacrum
954 1881 1067 1963 agmini
1094 1887 1223 1967 pedi-11

184 1977 252 2026 tum
274 1962 531 2046 praeferebatur.
576 1961 612 2022 Id
636 1960 803 2028 maximum
833 1975 901 2024 crat
924 1961 1183 2036 bellantibusin-

186 2046 407 2118 citamentum,
437 2054 469 2102 et
494 2041 671 2102 deseruisse
693 2055 852 2123 gestantes
872 2037 1008 2104 militare
1030 2041 1184 2124 flagitium

184 2119 370 2183 habebatur.
415 2122 533 2201 Capitis
563 2122 656 2180 etiam
688 2135 856 2183 sanxerant
883 2142 1018 2204 poenam
1041 2121 1105 2196 his,
1128 2125 1220 2207 quim
1246 2168 1249 2172 ·

185 2221 225 2264 ex
245 2203 311 2262 acie
331 2221 394 2261 non
411 2201 605 2274 retulissent,
623 2213 721 2274 metu,
736 2222 831 2283 quem
847 2203 952 2264 exilio
970 2193 1061 2262 hoste
1081 2218 1181 2287 quon·
1223 2277 1226 2280 Ι

109 2338 116 2346 .
188 2281 259 2342 dam
281 2291 509 2360 conceperant.
539 2279 635 2338 etiam
666 2281 698 2339 in
721 2281 779 2340 rel*
804 2282 909 2342 ionem
931 2283 1183 2358 venerationem·

186 2380 251 2443 que
279 2379 445 2420 converso.
481 2358 671 2418 Macedonas
702 2303 956 2421 neubeluarum
980 2361 1092 2436 modo,
1125 2361 1183 2424 sed

186 2441 281 2500 ctiam
302 2440 399 2521 ipsius
419 2437 505 2519 regis
526 2449 671 2517 aspectus
691 2459 865 2519 parumper
885 2439 1029 2499 inhibuit.
1062 2443 1225 2508 Beluaeta,

189 2518 360 2604 dispositae
379 2516 463 2578 inter
483 2527 618 2578 armatos
642 2518 782 2598 speciem
803 2518 939 2579 turrium
959 2515 1073 2598 procul
1095 2519 1182 2580 fece·

255 2909 272 2961 6
302 2927 384 2976 quum
403 2913 431 2961 ii
451 2897 524 2969 Frsba
681 2970 682 2974 ,
761 2949 765 2953 -

256 2993 274 3041 9
307 2975 383 3031 Frsb.
400 2984 485 3046 putccr'
501 2994 589 3030 tamn
608 2975 727 3033 hostium
752 2986 830 3030 tenus
858 2969 965 3041 e.racti;
989 2983 1074 3038 Codd.
1099 2995 1184 3058 pauci

105 3085 118 3106 „
191 3055 271 3094 tenus
290 3046 421 3108 bostium,
439 3043 537 3098 omisso
554 3059 663 3109 tamem
686 3051 795 3113 Zumpt.
813 3047 887 3098 dedit
911 3051 1092 3106 coniecturam
1116 3060 1182 3113 Sua.

187 3107 339 3179 kenhorgii.

241 3184 286 3244 ιο)
307 3179 442 3232 Schmied.
461 3184 532 3232 Kok.
550 3199 582 3234 ex
599 3181 675 3234 Voss·
693 3200 718 3238 2.
737 3179 853 3232 Theocr·
872 3192 903 3230 et
922 3193 1059 3255 ty‘mpann.

242 3253 289 3312 12)
310 3247 457 3311 Frsh.·i1's,
481 3251 539 3320 qni.

243 3319 287 3380 13)
306 3317 383 3370 Voss.
404 3333 428 3374 2·
459 3327 560 3385 transp.
589 3320 707 3368 torrium
731 3318 851 3387 speciem.
881 3340 913 3357 ···
940 3321 976 3370 el.
1005 3323 1090 3380 omitt.
1117 3327 1185 3380 Pori

669 3519 674 3546 N
725 3501 726 3506 ,
