2686 3876
437 409 482 465 Db}
501 405 625 463 ocsus
646 407 747 462 ALEX·
765 407 832 473 Vll,
849 405 892 472 43.
1114 413 1148 465 bd

157 579 229 617 rum
251 569 419 619 concentus
440 567 474 616 et
500 554 599 618 totius
629 554 787 618 exercitus
808 555 928 618 clamor
949 555 1146 620 audiebatur.

160 639 208 698 Ea
229 659 293 712 res,
314 638 394 698 sicut
413 637 567 729 pleraque
588 635 666 695 belli
686 655 765 694 vana
791 646 823 694 et
842 635 959 714 luania,
992 635 1147 700 barbaros

52 750 54 754 ·
161 717 201 776 ad
223 717 417 780 deditionem
445 727 550 776 traxit.
595 715 724 802 Quippe
754 715 897 807 occupati
926 727 1014 780 metu
1039 717 1147 806 pauci·

137 809 256 858 'tatem
272 817 394 872 eorum,
417 796 471 878 qui
492 817 508 855 a
530 807 624 876 terge
648 803 752 866 eraut,
773 805 938 858 aestumare
965 819 1027 858 non
1056 807 1149 878 pote-

157 889 238 942 rant.
285 879 393 960 ltaque
429 874 562 956 Cophen
608 875 693 954 (nam
714 873 923 954 “trepidantes
957 877 1187 960 reliquerat)2t

158 970 288 1022 strenue
308 965 471 1028 revocant,
492 967 620 1016 etcum
641 972 680 1014 eo
707 955 798 1022 XXX
820 955 983 1048 principes
1010 958 1147 1034 mittunt,

159 1037 219 1120 ‘qui
242 1049 366 1118 petram
393 1036 535 1110 tradant,
563 1041 596 1094 et
627 1046 663 1094 ut
693 1030 902 1109 incolumibus
930 1035 1017 1096 abire
1043 1037 1147 1112 liceat,

139 1117 370 1210 'paciscantur
416 1117 472 1176 Ille
494 1135 682 1198 quamquam
704 1114 889 1188 verebatur,
918 1135 958 1176 ne
979 1129 1183 1197 conspectam

159 1216 310 1256 iuvenum
331 1197 489 1277 paucitate
510 1194 720 1258 deturbarent
738 1215 794 1256 eos
815 1193 960 1270 barbari,
990 1196 1094 1255 t‘amen
1115 1209 1149 1257 ot

158 1276 308 1338 fortunae
330 1297 405 1338 suae
430 1273 576 1350 conlisus,
596 1286 630 1344 et
650 1275 788 1336 Arimazi
811 1276 978 1356 superbiae
997 1274 1149 1354 infensus,

90 1413 92 1418 .
160 1355 276 1415 nullam
304 1366 338 1418 s'e
366 1358 577 1418 conditionem
610 1355 777 1415 deditionis
803 1355 946 1436 accipere
973 1354 1148 1437 respondit.
1246 1405 1248 1412 .

160 1435 334 1513 Arimazes,
353 1437 527 1500 deseratis
551 1436 649 1518 magis
670 1457 763 1518 quam
783 1435 919 1516 perditis
939 1437 1056 1512 rebus,
1077 1447 1186 1498 cumae
1216 1465 1219 1468 ·

159 1516 344 1599 propinquis
362 1461 627 1599 nobilissimisque
648 1516 750 1596 gentis
768 1536 845 1579 suae
861 1517 1025 1578 descendit
1045 1517 1076 1584 in
1099 1528 1148 1577 ca·

160 1607 241 1658 stra:
266 1619 345 1680 quos
367 1620 475 1660 omnes
495 1595 684 1672 verberibus
705 1595 838 1669 all'ectos
862 1598 919 1658 sub
941 1598 1015 1678 ipsis
1036 1597 1148 1660 redici-

158 1675 351 1770 buspetrae
373 1680 520 1740 crucibus
541 1675 630 1735 iussit
651 1674 750 1755 atligi.
772 1671 940 1741 Multitudo
956 1678 1183 1738 delitiarumts

158 1757 269 1818 incolis
292 1780 444 1820 novarum
464 1756 590 1817 urbium
614 1775 685 1813 curn
705 1757 837 1836 pecunia
859 1769 949 1840 capta
971 1757 1055 1820 dono
1077 1759 1148 1817 data

161 1848 225 1895 est:
251 1839 426 1901 Artabazus
449 1839 483 1896 in.
506 1845 620 1930 petrae
648 1833 869 1922 regionisque,
898 1857 978 1924 quiae
1007 1839 1149 1922 apposita

164 1927 248 1975 esset
270 1917 310 1993 ei,
330 1919 430 1978 tutela
454 1915 595 1978 relictus.

159 2079 359 2093 W

211 2171 256 2244 2'6)
275 2183 308 2231 al.
328 2172 412 2231 nniitt.
434 2193 464 2231 nt
480 2191 541 2232 anta
559 2183 682 2235 uinculum,
702 2212 734 2223 -
753 2183 830 2232 Voss.
851 2197 873 2231 n.
892 2169 1056 2232 incolamus.¹

211 2251 256 2318 29)
273 2250 347 2300 Frsb.
366 2250 458 2302 scribit
476 2249 674 2310 dedititiorum,
693 2253 774 2313 male,
799 2251 834 2305 cl.
858 2251 965 2303 llollen.
998 2251 1059 2304 Lex·
1085 2249 1147 2300 Mt.

161 2337 188 2390 p.
210 2319 248 2384 14,
267 2333 323 2387 seq.
343 2322 377 2370 al.
394 2317 556 2375 deditorum.
576 2349 608 2362 .-
627 2323 660 2371 al.
681 2319 773 2373 tutelas.
1108 2327 1113 2337 “
