2688 3872
210 325 260 392 stt
562 323 596 390 Q.
614 322 826 376 corennum

172 472 411 546 strittavum,
432 471 550 532 maiora
566 469 668 533 adhuc
682 483 812 536 restant.
839 471 904 532 Sed
919 472 963 532 ita
978 483 1085 534 nostra
1106 485 1202 534 erunt

78 550 81 564 '
208 575 288 638 quac
309 552 447 614 nondum
469 550 636 633 attigimus,
657 549 683 610 si
703 550 780 624 nihil
803 573 936 632 parrum
956 551 1147 628 duxerimus,
1169 553 1201 612 in

209 637 273 718 (suo
295 651 424 713 magnae
446 625 568 714 gloriae
587 632 677 693 locus
700 641 756 690 est.
795 621 864 696 Vos
890 631 987 694 modo
1016 654 1066 693 me
1095 633 1134 692 ab
1156 632 1202 692 in-

205 715 322 776 testina
349 711 463 772 l'raude
490 723 526 791 et¹
550 709 801 774 domesticorum
825 712 943 772 insidiis
971 725 1132 792 praestate
1151 734 1203 773 so·

209 813 339 856 curum:
369 791 444 852 belli
471 789 644 874 Martisque
676 790 844 852 discrimen
872 792 1047 873 impavidus
1070 793 1200 870 subibo.

169 874 373 955 25Philippus
393 871 425 932 in
447 871 513 931 acie
534 873 634 932 tutior
659 891 752 954 quam
772 873 804 931 in
824 871 947 933 theatro
962 873 1038 947 lisit3
1059 871 1202 945 hostium

207 975 316 1016 manus
337 971 432 1033 saepo
454 950 888 1033 vitavit,suoru1ueffugerc
905 971 967 1011 non
983 953 1089 1014 valuit.
1113 953 1201 1012 Alio·

207 1057 278 1096 rum
299 1051 428 1118 quoquo
452 1051 564 1112 regum
592 1031 694 1092 exitus
721 1031 747 1090 si
769 1033 1021 1112 reputaveritis,
1052 1032 1160 1112 plures
1178 1055 1201 1092 e

172 1116 269 1176 wsuis
290 1135 384 1208 quam
408 1111 446 1170 oh
471 1109 562 1172 hoste
582 1111 768 1172 interemtos
789 1111 1002 1177 numerabitis.
1038 1115 1201 1188 Ceterum,

209 1214 356 1280 quomam
383 1193 457 1251 olim
483 1191 532 1250 rei
559 1191 690 1272 agitatae
714 1191 746 1250 in
777 1193 879 1254 animo
907 1213 979 1252 meo
1004 1177 1091 1252 ‘nuno
1123 1213 1199 1274 pro-

206 1275 339 1336 mendae
360 1270 483 1332 occasio
506 1269 611 1331 oblata
635 1282 693 1346 est,
714 1271 790 1331 mihi
809 1272 959 1332 maximus
987 1272 1132 1340 laborum
1154 1283 1199 1332 at·

208 1376 272 1438 que
294 1366 427 1431 operum
449 1370 595 1410 meorum
618 1353 680 1412 erit
695 1347 837 1426 fruetus,
866 1351 892 1410 si
915 1352 1076 1434 Olympias
1097 1365 1208 1412 mater·

207 1431 434 1494 immortalitati
462 1444 686 1508 consecretur,
759 1431 991 1514 uandoeunque
1027 1433 1199 1496 excesserit
1221 1475 1245 1497 2

209 1515 281 1576 vita.
322 1511 356 1571 Si
375 1511 512 1586 licuerit,
533 1511 601 1592 ipse
622 1453 791 1593 praestdso
812 1511 890 1575 hoc:
914 1514 939 1573 si
960 1535 1010 1573 me
1025 1520 1217 1594 praecepe-'

197 1593 379 1664 ritfatum,
400 1611 458 1651 vos
482 1591 643 1652 mandasse
664 1604 870 1652 mementote.
912 1595 960 1653 Ae
983 1605 1047 1652 tum
1069 1592 1199 1684 quidem

208 1673 324 1734 anticos
346 1671 477 1735 dimisit:
501 1683 645 1732 ceterum
664 1692 725 1753 per
746 1671 927 1754 complures
948 1671 1016 1732 dies
1033 1671 1199 1746 ibistativa

206 1753 327 1816 habuit.
700 1799 704 1806 .
1176 1777 1184 1802 κ

168 1827 207 1890 ‘27
287 1835 376 1894 Haec
403 1831 478 1892 dum
505 1831 537 1892 in
564 1832 650 1893 India
702 1843 852 1906 cruatur,
874 1832 989 1894 Graeci
1009 1833 1122 1902 milites

208 1936 311 1997 nuper
330 1914 363 1974 in
383 1912 521 1973 colonias
543 1935 559 1972 a
580 1933 657 1995 rege
674 1853 801 1975 deducti
823 1914 905 1974 circa
926 1917 1051 1983 Bactra,
1074 1938 1124 1976 or-
1143 1897 1197 1942 Ἧι·

208 2010 241 2057 ta
261 1997 343 2057 inter
363 1995 448 2074 ipsos
473 1993 639 2068 seditione,
661 1993 864 2068 defecerant,
895 2014 958 2058 nou
978 2005 1043 2054 tam
1065 1997 1197 2056 Alexan·

171 2075 267 2136 ²dro
300 2075 431 2148 infensi,
467 2095 561 2154 quam
594 2085 682 2134 metu
713 2095 772 2152 sup
798 2074 871 2138 licii.
930 2073 1059 2160 Quippe
1087 2077 1196 2138 occisis

208 2155 396 2236 quibusdam
411 2152 626 2232 popularium,
641 2153 695 2234 qui
711 2097 886 2214 validiores
897 2166 987 2214 erant
1001 2175 1085 2214 arma
1106 2176 1195 2236 spec·

207 2247 277 2294 tare
299 2243 491 2310 coeperunt,
518 2244 551 2291 et
577 2233 743 2292 Bactriana
764 2253 853 2308 arce,
910 2255 969 2295 uae
998 2254 1070 2294 casu
1097 2235 1195 2317 negli-

207 2313 335 2394 gentius¹
354 2321 511 2370 asservata
532 2323 618 2380 erat,
647 2325 816 2392 occupata,
841 2257 992 2396 bailiaros
1014 2337 1144 2400 quoque
1164 2315 1197 2377 in

171 2391 186 2436 3
207 2393 390 2454 societatem
410 2390 608 2468 impulerant.
635 2391 860 2454 Athenodorus
882 2407 951 2455 erat
964 2395 1197 2476 'princepsco

209 2494 297 2545 rum,
328 2470 381 2554 qui
401 2469 485 2551 regis
507 2492 636 2554 quoquc
655 2473 778 2532 ¹nomen
808 2485 1012 2544 assumserat,
1044 2497 1107 2534 non
1133 2487 1196 2534 tam

208 2552 332 2634 imperii
353 2550 510 2644 cupidine,
532 2573 626 2634 quam
641 2553 672 2612 in
687 2553 819 2633 patriam
839 2552 1022 2616 revertendi
1043 2574 1115 2614 cum
1136 2555 1197 2629 his,

170 2644 186 2688 ts
209 2635 263 2716 qui
284 2641 502 2692 auctoritatem
522 2631 619 2712 ipsius
649 2632 874 2716 sequebantur.
917 2635 999 2696 Huic
1025 2635 1105 2695 Bico
1127 2637 1197 2718 qui·

141 2722 145 2726 ’
208 2717 281 2774 dam
308 2711 442 2773 nationis
477 2712 561 2790 eius,
605 2714 662 2776 sed
702 2713 744 2775 ob
762 2715 1021 2776 'aemulationem
1049 2714 1195 2784 infestus,
1240 2785 1242 2790 .

255 2935 299 3002 no)
307 2953 356 3003 pro
377 2935 597 3007 qrtarzdocunque
609 2942 676 3002 optt.
686 2933 821 2988 eodum.
830 2937 904 2989 Lcid.
924 2940 1000 2990 Voss.
1023 2956 1045 2990 t.
1064 2944 1090 2993 2.
1103 2939 1158 2988 Pal.
1172 2946 1192 2992 1.

208 3005 293 3068 Bong.
312 3003 428 3058 Theocr.
468 3005 622 3072 rtnrrdoque,
648 3003 728 3068 idque
747 3004 881 3057 Sclrmled.
909 3008 935 3056 in
958 3017 1057 3058 textum
1075 3006 1193 3074 recepit;

207 3073 244 3123 el.
258 3071 383 3122 Gronov.
405 3081 431 3122 et
480 3075 589 3126 rnkenb.
615 3071 648 3120 ad
667 3073 721 3120 Lir.
739 3074 759 3132 l,
779 3075 820 3138 3r‚
840 3079 865 3140 lp.
890 3085 916 3125 et
934 3076 1000 3126 curt
1030 3077 1087 3136 vll,
1110 3088 1150 3136 to,
1167 3090 1193 3139 9,

208 3143 243 3203 X,
261 3141 287 3201 6,
309 3155 349 3188 ιο.
369 3148 397 3189 et
416 3146 442 3204 8,
462 3153 501 3192 10.
520 3143 598 3207 vulgo
616 3137 666 3189 lroc
685 3141 711 3188 si
725 3141 842 3194 licuerit.
860 3173 890 3181 —-
910 3147 945 3194 al.
966 3143 1039 3194 ontis
1055 3145 1144 3195 ,namt

229 3257 232 3260 .
279 3212 305 3262 tl
324 3209 430 3274 Zumpt.
450 3209 525 3258 dedit
544 3211 613 3260 coni.
633 3209 726 3258 Ortelii
747 3211 822 3261 circu
841 3213 942 3262 Bactra
953 3231 964 3274 ‚¹
983 3212 1068 3264 Ccdd.
1087 3212 1198 3275 decincti

211 3275 395 3326 Garulutctrn,
1117 3301 1122 3308 ,
1180 3293 1183 3298 .

231 3367 233 3373 ·
277 3351 374 3408 sttpro
397 3359 456 3392 etim
476 3344 507 3392 iis
527 3343 614 3393 Codd.
634 3346 710 3408 etiam
730 3345 846 3399 Tlicocr.¹
872 3349 988 3399 curzctr's.

279 3412 305 3478 3)
325 3413 344 3458 F
347 3411 399 3466 rsls.
420 3411 544 3460 tuitionis
562 3413 617 3462 eiu
628 3412 726 3466 sedem.
