2688 3872
185 433 281 485 nu¹
408 447 410 451 ·
546 429 579 493 Q.
598 429 715 480 cuu'ru
741 432 861 480 surr>

181 587 249 652 ret,
276 585 416 714 satrapes
436 573 640 657 Ptolemaeus
663 575 800 657 Aegypti
831 589 864 638 et
890 576 1017 640 Africae
1038 580 1178 661 gentium
1223 569 1226 574 ’
1310 568 1312 612 ³

143 672 159 712 2
180 675 262 740 qliae
289 677 322 714 ln

180 737 250 796 nice
277 733 349 794 data
363 745 434 806 ·cst;
461 732 608 794 Philotae
630 734 740 794 Cilicia
759 735 914 796 destinata
922 757 931 813 3
959 737 1087 816 Lyciam
1109 758 1181 800 cum

179 813 363 894 Pamphylia
392 824 425 872 et
453 811 574 873 maiore
595 812 732 894 Phrygia
754 814 899 874 obtinere
928 815 1029 876 iussus
1050 818 1182 900 Antigo-

178 913 247 973 nus3
271 893 304 952 in
326 892 450 952 Cariam
472 891 656 964 Cassander,
680 893 853 954 Menander
874 894 905 952 in
928 895 1059 972 Lydiam
1082 898 1180 960 missi.

178 972 349 1054 Phrygiam
388 971 552 1046 minorem,
572 971 785 1051 Hellesponto
819 972 997 1034 adiunctam
1027 977 1181 1036 Leonnati

142 1051 373 1190 aprovinciam
400 1069 471 1111 esse
499 1049 668 1114 iusserunt.
717 1051 917 1132 Cappadocia
944 1053 1080 1114 Eumeni
1105 1073 1181 1122 cum

207 1129 394 1213 aphlagonia
436 1128 541 1190 cessit.
588 1129 804 1209 Praeceptum
842 1143 908 1205 est,
943 1143 979 1191 ut
1014 1131 1179 1211 regionem
1233 1129 1237 1146 '

179 1227 249 1270 earn
281 1229 384 1292 usque
420 1207 459 1268 ad
480 1211 684 1288 Trapezunta
715 1208 926 1284 defenderet,
953 1209 1075 1270 bellum
1109 1231 1182 1272 cum

141 1288 347 1350 thriarathe
405 1298 523 1348 areret.
570 1285 665 1346 Solus
693 1287 744 1348 hic
772 1289 970 1350 detrectabat
1000 1289 1180 1369 imperium.

177 1369 295 1430 Pithon
328 1307 484 1440 Mediam,
517 1366 721 1443 Lysimachus
750 1367 918 1428 Thraciam
952 1368 1181 1450 appositasque

375 651 473 714 itione
495 664 594 718 crant.
635 656 846 716 Laomedonti
867 655 956 736 Syria
986 679 1058 720 cum
1080 659 1183 723 Phoc·
1233 711 1237 720 .
1310 675 1312 735 ξ

178 1447 334 1508 'l'hraciae
356 1444 504 1505 Ponticas
533 1456 642 1525 gentes
671 1445 818 1506 obtinere
848 1447 934 1506 iussi.
977 1448 1041 1525 Qui
1061 1449 1180 1520 Indiae,
1280 1462 1284 1472 '

178 1527 296 1610 quique
326 1523 452 1586 Bactris
488 1534 522 1584 et
553 1522 719 1662 Sopdianis
752 1525 934 1608 ceterisque
963 1539 1017 1586 aut
1057 1525 1179 1587 Oceani

177 1617 232 1664 aut
258 1603 362 1664 Rubri
392 1601 495 1662 maris
523 1621 598 1662 acco
612 1603 639 1661 is
670 1616 856 1683 praeerant,
894 1605 1010 1686 quibus
1044 1605 1179 1687 quisquc

176 1681 290 1744 linibus
310 1681 484 1757 habuisset,
507 1682 634 1762 imperii
656 1684 750 1744 etiam
771 1684 820 1742 ius
846 1683 1045 1758 obtinerent,
1067 1684 1188 1752 decre,

176 1775 245 1824 tum
265 1773 325 1839 est3
346 1760 502 1822 Perdicca
522 1773 559 1822 ut
579 1781 754 1845 cumrege
782 1774 877 1838 esset,
898 1763 1063 1844 copiisque
1087 1783 1179 1842 prae·
1204 1760 1208 1764 ’

142 1853 280 1920 resset,
314 1861 395 1925 quac
423 1859 536 1921 regem
565 1842 794 1936 sequebantur.
843 1842 1021 1904 Credidere
1048 1843 1178 1923 quidam

116 1986 118 1989 ,
177 1933 366 1983 testamento
394 1919 568 1980 Alexandri
589 1919 774 1982 distributas
798 1941 868 1981 esse
887 1920 1085 2014 provincias:
1122 1921 1179 1982 sed

177 2001 293 2062 l'amam
315 2001 382 2062 eius
403 1998 469 2074 rei,
497 2020 687 2082 quamquam
710 2001 748 2060 ab
770 2001 958 2061 auctoribus
978 1999 1096 2060 tradita
1119 2012 1178 2074 est,

141 2079 287 2140 'suanam
318 2079 416 2139 luisse
444 2079 665 2170 comperimus.
713 2083 757 2139 Et
810 2081 917 2140 uidem
946 2099 1017 2139 suas
1042 2080 1177 2160 quisque

178 2179 268 2238 opes,
291 2157 398 2218 divisis
418 2156 544 2238 imperii
563 2160 717 2238 partibus,
737 2101 918 2220 tuebantur:
940 2177 1019 2240 quas
1035 2157 1094 2250 ipsi
1108 2157 1178 2234 lun·

146 2258 148 2266 ·
170 2237 348 2311 flaverant,
362 2235 402 2300 ¹si
415 2251 417 2258 ’
429 2257 568 2318 unquam
590 2237 743 2299 adversus
772 2237 972 2298 immodicas*
985 2237 1175 2317 cupiditates

139 2316 330 2376 rterminus
359 2324 467 2376 staret.
511 2313 640 2402 Quippe
644 2361 659 2396 ,
688 2317 784 2396 paulo
815 2327 887 2376 ante
914 2315 1000 2397 regis
1032 2315 1177 2390 ministri,

177 2395 284 2474 specie
323 2391 449 2470 imperii
477 2391 570 2452 alieni
598 2394 793 2471 procurandi
824 2395 940 2474 singuli
973 2394 1112 2475 ingentia
1132 2395 1177 2454 in-

177 2483 324 2534 vaserant
349 2487 465 2546 renna,
503 2468 634 2532 sublatis
662 2473 871 2540 certaminum
892 2473 1013 2546 causis,
1042 2492 1114 2534 cum
1144 2484 1176 2532 et

177 2572 286 2612 omnes
308 2515 452 2611 eiusdem
474 2547 575 2630 gentis
599 2563 719 2627 essent,
741 2563 773 2611 ct
794 2573 810 2612 a
832 2553 948 2612 ceteris
969 2550 1018 2610 sui
1039 2553 1176 2634 quisque

106 2690 108 2697 ,
135 2644 150 2690 t
178 2629 304 2712 imperii
330 2627 462 2710 regione
489 2628 629 2694 discreti.
671 2631 737 2692 sed
771 2629 904 2692 difficile
935 2641 1005 2692 erat
1033 2650 1073 2690 eo
1102 2651 1177 2690 con-
1244 2681 1254 2689 .

176 2722 282 2771 tentos
310 2727 399 2781 esse,
427 2707 517 2788 quod
545 2705 706 2772 obtulerat
734 2712 879 2773 occasio:
903 2710 1024 2792 quippe
1046 2709 1197 2776 sordent¹

177 2789 279 2870 prima
308 2805 474 2870 quaeque,
505 2804 577 2846 cum
605 2792 724 2853 maiora
753 2802 932 2873 sperantur.
972 2789 1081 2871 ltaque
1109 2807 1175 2848 om-

180 2981 376 3004 ..pfl-...A-

250 3147 326 3216 4)‚B.
348 3163 370 3198 1.
398 3147 480 3197 Amst.
503 3146 587 3213 Lugd.
615 3147 659 3196 alii
685 3147 839 3211 imperinm
867 3147 952 3200 Amst.
970 3151 1055 3218 Lugd.
1086 3153 1174 3200 omitt.

177 3219 257 3268 etium
278 3217 331 3265 ius.
346 3213 422 3268 Frsh.
442 3223 535 3265 contra
558 3221 626 3281 optt.
647 3213 735 3264 Codd.
755 3215 897 3265 obtr'ncret.
1149 3275 1152 3280 ,

169 3337 173 3345 ,
245 3287 273 3347 b]
292 3281 365 3332 idem
380 3281 455 3333 Frsh.
471 3280 608 3330 decretum
626 3291 672 3339 cst,
696 3291 726 3329 nt
742 3281 872 3333 Perdicca
888 3293 983 3336 contra
1001 3284 1077 3336 Leid.
1092 3286 1173 3347 Bong.

176 3351 256 3402 Voss.
278 3367 300 3400 ι.
319 3347 424 3410 famum
440 3347 520 3396 lnu'us
540 3349 636 3396 omissa
655 3345 704 3395 scd
722 3348 798 3402 Voss.
816 3367 840 3401 a.

240 3417 268 3482 (i)
290 3417 329 3465 Fl.
348 3415 423 3464 Leid.
444 3416 520 3468 Voss.
543 3431 565 3463 ι.
586 3415 613 3466 B.
635 3429 655 3463 1.
671 3431 694 3462 a.
714 3417 798 3466 omitt.
817 3434 887 3486 qeins
906 3419 1036 3484 aute'ipsr‘
1046 3413 1128 3483 suiad.

145 3519 148 3534 .
244 3489 271 3550 7)
293 3481 372 3532 Voss.
391 3498 415 3534 a.
435 3489 535 3546 transp.
555 3480 641 3530 aliem·
655 3483 766 3548 imperii.
