2688 3872
169 335 231 392 aas.
459 325 496 368 ‘³-
525 336 558 402 Q.
573 328 694 418 ,curru
710 333 789 386 auri
870 305 873 312 ’

167 482 395 546 obruebantur.
445 481 585 544 Tandem
613 481 859 566 magnitudinem
887 477 1022 564 periculi
1052 481 1159 564 pudor

166 563 257 624 vicit:
278 563 397 646 quippe
419 563 599 641 cernebant,
621 564 820 624 cunctatione
843 582 899 622 sua
921 563 994 624 dedi
1015 562 1159 623 hostibus

132 651 287 725 effregem.
320 641 386 703 Sed
406 641 584 704 festinando
606 643 810 704 morabantur
830 633 954 706 auxilia.
987 645 1066 702 Nam
1083 643 1161 702 dum

165 743 226 804 pro
247 742 281 782 se
327 722 439 806 uisque
461 735 561 784 certat
583 723 733 793 evadere,
759 743 934 784 oneravere
949 723 1048 782 scalas
1055 744 1064 799 3
1109 723 1160 782 uis

165 823 229 862 non
247 743 481 864 sufdciontibus
501 802 645 866 devoluti
669 805 793 864 unicam
814 822 903 896 spem
924 803 1008 896 regis
1028 745 1160 864 l'el'dlle·
1272 872 1275 877 ,

148 893 247 945 xrunt.
290 882 399 942 Stabat
420 883 503 943 enim
523 883 555 943 in
575 895 748 966 conspectu
768 895 846 945 tanti
867 895 1048 960 exercitus,
1064 883 1160 945 'velut
1179 955 1182 960 Δ

165 965 197 1022 in
218 963 388 1023 solitudine
409 962 589 1023 destitutus.
1277 981 1282 997 ¹

129 1052 165 1115 19
244 1045 384 1126 lamque*
398 1043 529 1119 laevam,
547 1065 609 1128 qua
630 1040 671 1104 cli
696 1041 828 1103 eumad
850 1042 931 1104 ictus
952 1043 1087 1103 circum·
1120 1087 1123 1096 .

164 1122 303 1193 ferebat,
325 1127 507 1200 lassaverat,
529 1063 731 1184 clamantibus
747 1123 864 1198 amicis,
884 1134 920 1181 ut
942 1123 981 1182 ad
1002 1123 1087 1204 ipsos

165 1200 326 1279 desiliret,
348 1203 536 1287 stabantque
567 1204 751 1285 excepturi3
785 1223 857 1264 cum
885 1202 940 1263 ille
967 1224 1035 1263 rem
1065 1222 1159 1267 ausus

166 1295 216 1344 cst
235 1283 455 1343 incredibilem
476 1295 572 1366 atque
593 1283 781 1351 inauditam,
804 1283 971 1365 multoque
992 1282 1091 1364 magis
1119 1281 1161 1341 ad

128 1375 143 1412 2
167 1363 279 1424 lamam
307 1363 512 1437 temeritatis,
534 1385 628 1446 quam
656 1363 794 1447 gloriae,
817 1362 981 1446 insignem.
1013 1365 1160 1444 Namque

165 1444 197 1502 in
225 1442 339 1504 urbem
368 1441 508 1504 hostium
536 1445 661 1524 plenam
687 1443 855 1524 praecipiti
885 1445 965 1504 saltu
989 1444 1160 1524 semetipse

165 1522 310 1591 immisit,
338 1541 411 1582 cum
439 1523 493 1583 vix
523 1545 653 1605 sperare
674 1525 802 1605 posset,
836 1523 1035 1584 dimicantem
1071 1534 1161 1584 certe

167 1615 206 1663 et¹
221 1622 284 1662 non
304 1601 440 1662 inultum
461 1619 539 1664 esse·
552 1605 761 1666 moriturum:
785 1603 903 1696 quippe
926 1617 1090 1686 antequam
1113 1623 1162 1662 as·

127 1689 145 1749 3,
166 1703 221 1742 sur
246 1694 333 1758 eret,
364 1681 506 1764 opprimi
532 1697 661 1766 poterat
688 1695 720 1744 et
745 1683 816 1763 capi
843 1703 943 1748 rivus.
985 1683 1049 1744 Sed
1071 1682 1160 1743 forte

164 1763 208 1823 ita
218 1703 408 1824 libraverat
427 1783 556 1846 corpus,
576 1776 613 1824 ut
634 1784 668 1825 sc
688 1763 824 1846 pedibus
845 1763 1018 1845 exciperet.
1049 1766 1161 1846 ltaque

165 1855 249 1904 stans
277 1843 335 1904 init
366 1863 522 1924 pugnam3
558 1857 592 1906 et
619 1866 658 1905 ne
689 1843 848 1905 circumiri
873 1857 999 1925 posset,
1033 1843 1162 1904 fortuna

127 1929 141 1973 4
165 1923 363 2004 providerat.
405 1925 540 1986 Vetusta
560 1925 665 2000 arbor,
690 1923 776 1984 baud
796 1924 911 2004 procul
930 1927 1034 1998 muro,
1056 1943 1162 1986 ramos

165 2005 264 2064 multa
284 2003 400 2066 fronde
421 2005 574 2079 vestitos,
604 2006 693 2066 velut
714 2005 754 2066 de
778 2003 933 2064 industria
953 2023 1065 2086 regem
1087 2026 1162 2085 pro·

138 2085 323 2166 tegentes,
348 2084 531 2162 obiecerat3
558 2084 650 2145 huius
673 2085 812 2166 spatioso
837 2083 936 2164 stipiti
957 2103 1091 2165 corpus,
1120 2103 1161 2143 ne

166 2163 327 2223 circumiri
354 2175 478 2244 posset,
503 2165 671 2246 applicuit,
693 2165 796 2245 clipeo
817 2165 897 2241 tela,
931 2185 1013 2246 quae
1042 2185 1080 2224 ex
1108 2164 1163 2223 ad·

53 2305 58 2312 j
128 2253 260 2303 averso
282 2242 525 2324 ingerebantur,
552 2245 724 2326 excipiens.
767 2245 845 2304 Nam
869 2264 941 2304 cum
969 2265 1066 2304 unum
1085 2265 1190 2326 pro·x

166 2321 218 2382 cul
247 2333 297 2382 tot
324 2343 433 2380 manus
466 2335 631 2404 peterent,
668 2343 763 2384 nemo
792 2335 898 2384 tamen
924 2323 1061 2384 audebat
1087 2345 1162 2405 pro·
1187 2365 1189 2370 ι
1241 2341 1274 2386 p
1338 2329 1339 2372 ἶ

165 2401 235 2494 pius
274 2401 427 2462 accedere
437 2424 446 2478 ;
500 2403 629 2464 missilia
667 2403 762 2464 ramis
797 2403 890 2484 plura
927 2425 1020 2487 quam
1056 2405 1161 2488 clipeo

132 2480 355 2542 anmidebant.
385 2480 560 2564 Pugnabat
579 2505 639 2566 pro
660 2504 738 2566 rege
759 2485 895 2565 primum
924 2483 1078 2546 celebrati
1106 2505 1163 2546 no·
1195 2549 1199 2555 ,
1251 2518 1258 2526 „

167 2562 256 2621 minis
285 2561 388 2639 lama,
420 2563 534 2624 deinde
560 2565 759 2648 desperatio,
785 2585 931 2646 magnum
961 2564 1001 2624 ad
1027 2565 1162 2626 honeste

132 2643 367 2702 7moriendum
403 2643 652 2708 incitamentum.
701 2644 765 2705 Sed
800 2665 872 2705 cum
901 2643 1035 2706 subinde
1062 2646 1162 2706 hostis

168 2721 328 2798 al'llucret,
349 2722 408 2783 iam
424 2724 584 2806 ingentem
606 2726 670 2787 vim
690 2726 830 2786 telorum
853 2738 1025 2804 exceperat
1046 2727 1164 2807 clipeo,

168 2803 227 2861 iam
257 2803 377 2884 galeam
406 2824 478 2863 saxa
506 2805 752 2888 perfregerant,
783 2807 842 2865 iam
872 2805 1019 2868 continuo
1048 2807 1162 2867 labore

130 2890 143 2932 t
168 2883 277 2966 gravia
297 2903 400 2964 genua
420 2884 757 2970 succiderant.'ltaque
773 2883 955 2946 contemtim
978 2899 1010 2946 et
1024 2885 1163 2954 incaute,

167 3147 285 3200 tudinem
304 3149 421 3200 telorum
434 3149 610 3219 periccli‚·
629 3149 657 3199 P.
676 3149 888 3219 magnitudinem
908 3162 937 3202 te
946 3149 957 3201 l
964 3169 979 3201 o
988 3167 1029 3200 ru
1039 3167 1064 3199 m
1080 3149 1112 3198 r'c
1124 3147 1161 3198 u·-

82 3224 84 3226 ’
168 3219 234 3268 bus
272 3217 377 3271 er‘t'cnlr'.

234 3293 249 3342 ,ἦ
283 3293 369 3352 opptt.
387 3283 475 3334 Codd.
496 3295 558 3353 post
583 3303 644 3334 traam
669 3302 727 3336 cram
746 3287 1016 3338 inserunteominns.

238 3353 265 3419 a)
287 3354 410 3420 praefero
433 3354 496 3402 lect.
515 3356 556 3404 Fi.
576 3355 630 3406 rar.
656 3371 676 3403 ι.
703 3354 819 3406 'l'lreocn
850 3357 1022 3424 pugnabant.
1042 3383 1076 3396 -
1111 3367 1164 3423 pro

168 3420 207 3471 nd
222 3421 334 3473 liotzeste
348 3419 518 3471 moriendum
534 3423 589 3470 Pal.
614 3430 637 3476 1,
660 3419 699 3470 cd
716 3421 818 3472 bostem
837 3422 1007 3475 ntoruudum.

581 3513 610 3562 ἱ
