2688 3872
214 389 262 447 uo
572 381 606 447 a.
626 381 744 433 curru
763 383 843 434 surr

211 533 266 582 siae
284 529 377 598 Beroia
394 524 450 582 siae
468 524 600 582 Setietscd
617 541 747 593 arceatur,
768 529 971 602 utrr‘uscuttque
992 535 1079 584 aaarrr's
1101 553 1206 600 nomen,

210 598 363 653 saltitaveris
387 603 484 669 arquis,
514 603 633 650 eairacere
656 601 793 666 valituris)
823 601 943 665 Phegeus
967 604 1076 667 regulus
1099 605 1207 654 victorie

207 665 271 728 fidei
288 682 347 716 sese
365 669 505 732 permittit.
525 673 570 732 (7)
590 668 741 717 Alexander
756 685 816 718 carm
829 673 855 718 et
871 668 942 718 hanc
960 685 1063 720 amnem
1082 673 1207 722 traiicere

209 741 326 803 pararet,
348 749 379 782 ex
398 735 505 800 Phegeo
526 745 552 786 et
570 735 642 785 Poro
660 736 800 800 cognoscit
818 735 851 784 de
870 735 1021 800 ingentibus
1035 737 1120 805 copiis
1134 738 1208 788 Gan·

208 801 360 864 garridarum
380 810 406 850 et
427 804 594 865 Prasiorum,
617 801 649 850 ad
670 818 737 866 quos
759 817 808 868 per
826 801 986 852 solitudines
1003 803 1130 854 undecim
1149 805 1206 856 die·

208 883 267 918 rum
286 869 381 918 itinere
404 880 579 936 perventurus
603 875 689 926 esset,
717 869 803 934 dequo
824 885 886 932 rege
910 871 1019 918 illorum
1039 875 1206 936 Aggrammc.
1253 873 1256 882 ’

208 934 301 1002 ltaque
320 939 458 1002 perpensis
476 939 513 986 rei
533 935 744 996 difficultatibus,
765 951 824 983 cum
837 936 982 999 dubitaret,
1000 950 1063 986 num
1079 939 1206 990 Macedo·

207 1016 254 1052 nes
272 1003 357 1069 ipsum
376 1001 493 1052 secuturi
515 1012 611 1065 essent,
630 1003 673 1067 (8)
683 1003 814 1052 concione
833 1001 972 1065 advocata,
992 1006 1094 1056 elevare
1108 1005 1207 1070 studet,

158 1067 163 1074 “
208 1085 275 1135 qaae
294 1069 327 1117 ab
346 1070 418 1118 indis
438 1073 535 1120 iactata
554 1079 646 1132 erant,
672 1070 763 1118 salsam
787 1072 946 1136 plerumque
965 1070 1061 1120 sarnam
1080 1089 1136 1123 esse
1155 1073 1206 1123 do·

208 1151 280 1196 cens,
318 1135 365 1202 (9)
397 1153 447 1188 nec
475 1135 496 1186 si
524 1148 586 1186 vera
611 1135 655 1186 iila
675 1137 777 1198 lorent,
796 1137 933 1198 timenda,
952 1141 1075 1203 quoniam
1096 1141 1160 1190 olim
1179 1149 1207 1192 et

207 1203 364 1270 elephantos
385 1213 410 1254 et
429 1204 547 1272 peditum
571 1200 746 1270 equitumque
775 1205 900 1253 marimas
927 1207 1017 1270 copias
1037 1206 1115 1256 lareile
1135 1209 1205 1260 vice·

202 1271 267 1321 rint.
304 1271 370 1333 (ιο)
397 1273 464 1320 Orat
483 1268 606 1340 denique,
629 1281 668 1330 ut,
688 1287 748 1321 cum
767 1269 800 1318 ad
819 1269 897 1320 finem
916 1279 1005 1320 terras·
1024 1280 1051 1322 ct
1069 1275 1205 1324 Oceanum

204 1339 388 1406 pervenerint,
408 1338 477 1390 launc'
498 1341 619 1390 ultimum
639 1339 758 1388 laborem
776 1353 809 1386 ne
829 1341 968 1399 omittant,
996 1354 1061 1389 neve
1081 1357 1109 1390 sc
1128 1343 1204 1392 dese·

204 1408 273 1457 rant.
311 1409 369 1468 ¹rr)
393 1402 461 1455 Crim
489 1408 584 1456 milites
610 1405 775 1455 duces-suos
792 1406 925 1454 intuentes
944 1407 1117 1472 pertinaciter
1137 1411 1203 1458 sile·

204 1479 274 1533 rent,
297 1489 398 1540 resque
417 1475 455 1523 ira
475 1484 501 1524 ct
520 1473 617 1524 dolore
636 1472 821 1534 exardescens,
839 1474 927 1520 solum
946 1473 1027 1536 igitur
1044 1490 1072 1524 se
1093 1476 1219 1539 iturum,'

205 1539 399 1606 crinsrrmasset,
417 1541 545 1592 lacrimae
564 1542 686 1590 omnibus
705 1541 787 1589 fluere
807 1547 971 1605 coeperunt,
999 1556 1049 1590 nec
1076 1544 1132 1608 ipse
1157 1556 1204 1594 rex

205 1609 290 1658 oculis
308 1616 460 1675 temperare
477 1605 574 1676 potuit.
612 1607 673 1678 (ια’)
703 1607 771 1655 Tum
791 1607 897 1677 Coenus
917 1615 973 1673 'pro
992 1609 1110 1657 exercitu
1129 1607 1203 1672 dicit,

203 1685 357 1742 separatos
377 1675 484 1744 quidem
504 1692 561 1727 esse
583 1679 658 1741 sequi
680 1675 841 1742 quocunque
861 1675 993 1736 voluerit,
1011 1675 1060 1724 sed
1078 1679 1202 1742 amplitu-

203 1741 292 1793 dinem
312 1746 368 1794 eius
393 1747 565 1795 consiliorum
593 1759 647 1791 non
676 1745 790 1808 capere,
813 1740 953 1790 exlraustos
981 1739 1043 1808 ipsis
1070 1745 1202 1798 victoriis:

202 1828 281 1880 posse
306 1829 395 1880 regem
420 1811 453 1861 ad
479 1814 617 1861 (lceaaum
650 1826 698 1877 per
719 1817 804 1858 terras
833 1807 867 1857 ad
896 1809 1038 1859 Meridiem
1064 1819 1202 1872 vergentes

222 1888 353 1946 enetrare,
373 1883 393 1932 si
414 1882 487 1930 illum
507 1887 611 1928 tentare
629 1879 732 1944 cupiat,
765 1875 828 1938 (23)
854 1874 942 1926 Ceteri
962 1885 987 1925 et
1006 1875 1088 1926 duces
1107 1887 1132 1927 et
1151 1879 1214 1940 mi·¹

199 1894 260 1996 sites
283 1948 375 2000 Coeno
405 1948 503 1999 assensi
534 1959 623 2009 regem
649 1943 775 2011 previbus
798 1939 909 2006 urgent,
938 1943 1033 2010 quibus
1059 1944 1201 1996 rictrude
1284 1945 1287 1950 ’

199 2013 325 2064 tribunali
344 2019 466 2083 desiluit,
495 2023 522 2064 et
548 2029 608 2062 cum
629 2005 811 2078 per'bidoum
838 2010 864 2056 in
883 2011 954 2075 regia
973 2011 1090 2068 inclusus
1111 2012 1201 2061 dolori

199 2095 228 2132 sc
247 2079 381 2147 dedisset,
398 2089 480 2136 tertia
498 2083 541 2133 die
564 2088 593 2128 ut
612 2079 658 2127 ille
677 2078 735 2126 linis
755 2072 931 2142 expeditionis
956 2077 1062 2128 lndieae
1089 2077 1201 2129 habere·

199 2153 252 2208 tur,
272 2150 323 2199 aris
339 2153 445 2264 positis,
465 2147 608 2203 concessit.
646 2145 711 2193 lade
730 2142 762 2192 ad
779 2143 926 2194 -Acesinem
943 2143 1040 2212 (coque
1060 2157 1201 2212 superato,

198 2211 322 2281 sifidem
348 2204 1063 2286 u'stora'aesequiualumas,et1'amadHydaspeu)
1082 2222 1108 2262 et
1132 2215 1201 2264 clas·

198 2296 255 2328 sem
276 2282 300 2329 in
320 2299 354 2333 eo
374 2292 552 2334 constructam
571 2281 724 2334 revertitur,
763 2273 960 2343 supplemeniis
984 2281 1097 2328 militum
1116 2278 1199 2330 domo

197 2348 340 2398 missorum
357 2358 463 2412 auctus,
488 2352 560 2400 Poro
585 2359 611 2400 et
635 2349 729 2399 rasile
747 2345 854 2408 regibus
877 2345 947 2394 inter
965 2361 992 2396 se
1009 2338 1199 2412 reconciliatis,

196 2413 361 2484 urbibusque
379 2418 477 2468 Nicaea
495 2425 522 2466 et
541 2416 691 2484 Bucephala
711 2411 853 2474 absolutis,
870 2428 929 2461 cum
948 2417 1048 2478 partem
1069 2416 1206 2482 exercitas¹

196 2482 224 2532 ia
244 2499 322 2534 naves
348 2486 527 2554 imposuisset,
550 2491 576 2535 ct
597 2485 729 2550 reliquum
746 2496 846 2548 ¹agmen
865 2479 890 2526 in
909 2484 1022 2544 utraque
1040 2481 1097 2547 ripa
1116 2481 1199 2546 profi·

196 2547 259 2601 ciscl
279 2551 404 2618 iussisset,
424 2553 543 2605 secundo
562 2569 639 2602 amne
659 2553 779 2618 navigare
795 2545 896 2614 coepit,
924 2545 1023 2607 (measse
1033 2546 1096 2615 fere
1116 2545 1202 2598 Octo«

196 2614 243 2666 ὑπ’
259 2635 284 2672 a.
305 2639 331 2670 a.
351 2621 417 2671 Clar.
437 2634 494 2675 nat¹
514 2624 574 2673 327.
593 2625 731 2686 creante.)
975 2665 977 2671 ,

262 2685 321 2752 (tlt)
343 2689 421 2739 Circa
441 2692 605 2740 confluentes
626 2685 753 2753 Hydaspis
771 2689 800 2736 'ei
821 2681 943 2736 Λοθδῖηἶδ
967 2681 994 2730 ln
1024 2683 1089 2733 fines
1118 2674 1199 2732 Sibai

192 2765 253 2804 rum
270 2752 433 2816 decucurrit,
455 2757 517 2806 inde
536 2759 566 2806 ad
586 2759 663 2806 aliam
683 2750 1050 2818 geniem(Agatasmm‘am,
1072 2741 1199 2801 Diodoro
1249 2773 1264 2784 s

195 2825 276 2890 teste)
292 2815 375 2882 'venia
395 2825 469 2874 cuias
492 2821 582 2888 iugata
603 2823 720 2874 exercitu
740 2820 851 2880 urbem,
870 2827 952 2886 caput
971 2817 1098 2882 regionis,
1118 2809 1197 2868 obse⁴

195 2885 243 2936 dit.
283 2890 347 2938 Eam
365 2892 416 2955 ipsi
435 2893 540 2942 incolae
560 2885 685 2942 incendio
704 2888 814 2950 delent,
841 2889 895 2938 arci
916 2893 1029 2956 propter
1046 2885 1125 2934 situm
1147 2901 1196 2950 op·

117 2957 120 2962 “
193 2963 341 3023 portarium
362 2958 695 3024 Alexander'praesidium
715 2955 838 3021 imponit.
866 2951 1201 3019 (15)1nconssueutibus

193 3023 274 3072 trium
297 3023 449 3087 flaminum,
475 3025 532 3072 Indi
559 3033 585 3074 et
610 3024 737 3090 Hydaspis
765 3039 826 3072 cum
845 3021 958 3072 A‘eesine
978 3023 1029 3072 iam
1048 3020 1194 3084 coniuncti,

194 3091 286 3150 classis
314 3093 481 3156 naufragium
510 3092 590 3153 iacit,
619 3099 644 3141 et
669 3087 749 3158 ipsius
774 3091 843 3156 regis
862 3091 934 3140 navis
952 3106 1029 3154 aegre
1046 3091 1195 3140 vorticibus

194 3158 316 3224 eripitur.
345 3157 459 3220 (Veram
477 3157 529 3207 boc
547 3153 728 3224 naufragium
751 3161 889 3223 Arra'antts
908 3155 1038 3208 accidiae
1059 3155 1148 3208 tradit
1165 3157 1195 3204 in

194 3223 393 3291 coufluentibas
408 3224 552 3292 Hydaspis
572 3237 597 3274 et
615 3227 750 3285 Aeesa'ais,
772 3225 850 3294 qacod
863 3223 891 3276 εἰ
906 3242 1002 3279 veram
1017 3234 1067 3285 est,
1082 3227 1125 3273 uti
1148 3241 1194 3273 sa-

193 3308 226 3340 ne
243 3289 370 3353 videtur,
404 3291 614 3359 Orrdraearum
640 3303 664 3340 et
688 3294 834 3342 Mallorum
860 3297 930 3344 situs
950 3293 1031 3360 lange
1055 3292 1126 3342 alr'as
1142 3289 1195 3362 fit,

193 3356 376 3428 definitasque
394 3357 518 3408 aturribus
535 3361 646 3420 Acer-iae
662 3357 867 3428 srtlda‘draotej
905 3363 968 3423 (16)
994 3360 1060 3412 lude
1077 3362 1104 3410 in
1123 3359 1194 3428 Oxy·

111 3467 116 3472 .
193 3425 334 3478 stratarum
353 3427 548 3495 Mallorumqae
569 3427 708 3490 regionem
729 3429 857 3495 pervenit,
875 3429 1115 3494 quarumgentium
1127 3441 1194 3478 eea·
