<?xml version="1.0" encoding="UTF-8"?>
<!DOCTYPE html PUBLIC "-//W3C//DTD XHTML 1.0 Transitional//EN"
    "http://www.w3.org/TR/xhtml1/DTD/xhtml1-transitional.dtd">
<html xmlns="http://www.w3.org/1999/xhtml" xml:lang="en" lang="en">
 <head>
  <title>
</title>
<meta http-equiv="Content-Type" content="text/html;charset=utf-8" />
  <meta name='ocr-system' content='tesseract 3.04.00' />
  <meta name='ocr-capabilities' content='ocr_page ocr_carea ocr_par ocr_line ocrx_word'/>
</head>
<body>
  <div class='ocr_page' id='page_1' title='image "./degestisalexand00baumgoog_0080.png"; bbox 0 0 2686 3876; ppageno 0'>
   <div class='ocr_carea' id='block_1_1' title="bbox 204 399 843 470">
    <p class='ocr_par' dir='ltr' id='par_1_1' title="bbox 204 399 843 470">
     <span class='ocr_line' id='line_1_1' title="bbox 204 399 843 470; baseline -0.014 -11"><span class='ocrx_word' id='word_1_1' title='bbox 204 409 237 459; x_wconf 84' lang='lat' dir='ltr'><strong>ro</strong></span> <span class='ocrx_word' id='word_1_2' title='bbox 561 401 598 470; x_wconf 84' lang='lat' dir='ltr'><strong>Q:</strong></span> <span class='ocrx_word' id='word_1_3' title='bbox 621 399 741 452; x_wconf 77' lang='lat' dir='ltr'><strong>cusan</strong></span> <span class='ocrx_word' id='word_1_4' title='bbox 763 399 843 453; x_wconf 77' lang='lat' dir='ltr'><strong>aori</strong></span> 
     </span>
    </p>
   </div>
   <div class='ocr_carea' id='block_1_2' title="bbox 151 544 1262 1284">
    <p class='ocr_par' dir='ltr' id='par_1_2' title="bbox 151 544 1262 1284">
     <span class='ocr_line' id='line_1_2' title="bbox 151 544 1262 629; baseline -0.001 -22"><span class='ocrx_word' id='word_1_5' title='bbox 151 593 154 607; x_wconf 87' lang='lat'><em>.</em></span> <span class='ocrx_word' id='word_1_6' title='bbox 203 549 363 624; x_wconf 80' lang='lat' dir='ltr'><strong>vestibulo</strong></span> <span class='ocrx_word' id='word_1_7' title='bbox 390 561 476 611; x_wconf 86' lang='lat' dir='ltr'><strong>stare</strong></span> <span class='ocrx_word' id='word_1_8' title='bbox 500 549 661 626; x_wconf 83' lang='lat' dir='ltr'><strong>iusserat,</strong></span> <span class='ocrx_word' id='word_1_9' title='bbox 695 547 857 610; x_wconf 82' lang='lat' dir='ltr'><strong>introduci</strong></span> <span class='ocrx_word' id='word_1_10' title='bbox 886 545 1096 610; x_wconf 69' lang='lat' dir='ltr'><strong>desideravit·</strong></span> <span class='ocrx_word' id='word_1_11' title='bbox 1131 544 1197 629; x_wconf 84' lang='lat' dir='ltr'><strong>Qui</strong></span> <span class='ocrx_word' id='word_1_12' title='bbox 1260 569 1262 572; x_wconf 93' lang='lat'>·</span> 
     </span>
     <span class='ocr_line' id='line_1_3' title="bbox 203 627 1197 712; baseline -0.001 -24"><span class='ocrx_word' id='word_1_13' title='bbox 203 630 277 712; x_wconf 91' lang='lat' dir='ltr'><strong>quia</strong></span> <span class='ocrx_word' id='word_1_14' title='bbox 299 642 394 711; x_wconf 91' lang='lat' dir='ltr'><strong>caput</strong></span> <span class='ocrx_word' id='word_1_15' title='bbox 412 627 600 712; x_wconf 77' lang='lat' dir='ltr'><strong>Spitamenis</strong></span> <span class='ocrx_word' id='word_1_16' title='bbox 616 640 706 691; x_wconf 87' lang='lat' dir='ltr'><strong>veste</strong></span> <span class='ocrx_word' id='word_1_17' title='bbox 723 639 841 690; x_wconf 88' lang='lat' dir='ltr'><strong>tectum</strong></span> <span class='ocrx_word' id='word_1_18' title='bbox 861 627 1009 702; x_wconf 85' lang='lat' dir='ltr'><strong>habebat,</strong></span> <span class='ocrx_word' id='word_1_19' title='bbox 1029 638 1197 706; x_wconf 87' lang='lat' dir='ltr'><strong>suspectus</strong></span> 
     </span>
     <span class='ocr_line' id='line_1_4' title="bbox 170 705 1198 792; baseline 0 -23"><span class='ocrx_word' id='word_1_20' title='bbox 170 709 415 771; x_wconf 73' lang='lat' dir='ltr'><strong>ssscrutantihus</strong></span> <span class='ocrx_word' id='word_1_21' title='bbox 438 709 513 792; x_wconf 89' lang='lat' dir='ltr'><strong>quid</strong></span> <span class='ocrx_word' id='word_1_22' title='bbox 536 709 703 771; x_wconf 79' lang='lat' dir='ltr'>occuleret</span> <span class='ocrx_word' id='word_1_23' title='bbox 723 709 872 770; x_wconf 87' lang='lat' dir='ltr'><strong>ostendit.</strong></span> <span class='ocrx_word' id='word_1_24' title='bbox 915 707 1112 771; x_wconf 80' lang='lat' dir='ltr'><strong>Confuderat</strong></span> <span class='ocrx_word' id='word_1_25' title='bbox 1131 705 1198 769; x_wconf 87' lang='lat' dir='ltr'><strong>oris</strong></span> 
     </span>
     <span class='ocr_line' id='line_1_5' title="bbox 153 786 1197 872; baseline -0.002 -22"><span class='ocrx_word' id='word_1_26' title='bbox 153 853 155 856; x_wconf 68' lang='lat'><strong>,</strong></span> <span class='ocrx_word' id='word_1_27' title='bbox 203 791 369 872; x_wconf 86' lang='lat' dir='ltr'><strong>exsanguis</strong></span> <span class='ocrx_word' id='word_1_28' title='bbox 390 802 480 852; x_wconf 90' lang='lat' dir='ltr'><strong>notas</strong></span> <span class='ocrx_word' id='word_1_29' title='bbox 501 789 625 870; x_wconf 85' lang='lat' dir='ltr'><strong>pallor,</strong></span> <span class='ocrx_word' id='word_1_30' title='bbox 651 809 710 850; x_wconf 93' lang='lat' dir='ltr'><strong>nec</strong></span> <span class='ocrx_word' id='word_1_31' title='bbox 737 789 807 872; x_wconf 90' lang='lat' dir='ltr'><strong>quis</strong></span> <span class='ocrx_word' id='word_1_32' title='bbox 830 801 915 852; x_wconf 88' lang='lat' dir='ltr'><strong>esset</strong></span> <span class='ocrx_word' id='word_1_33' title='bbox 933 787 1022 850; x_wconf 88' lang='lat' dir='ltr'><strong>nosci</strong></span> <span class='ocrx_word' id='word_1_34' title='bbox 1042 786 1117 868; x_wconf 88' lang='lat' dir='ltr'><strong>satis</strong></span> <span class='ocrx_word' id='word_1_35' title='bbox 1138 808 1197 869; x_wconf 90' lang='lat' dir='ltr'><strong>po-</strong></span> 
     </span>
     <span class='ocr_line' id='line_1_6' title="bbox 201 865 1197 954; baseline 0 -25"><span class='ocrx_word' id='word_1_36' title='bbox 201 881 296 933; x_wconf 80' lang='lat' dir='ltr'><strong>terat.</strong></span> <span class='ocrx_word' id='word_1_37' title='bbox 319 873 406 954; x_wconf 80' lang='lat' dir='ltr'><strong>Ergo</strong></span> <span class='ocrx_word' id='word_1_38' title='bbox 427 891 485 931; x_wconf 78' lang='lat' dir='ltr'><strong>rex</strong></span> <span class='ocrx_word' id='word_1_39' title='bbox 507 870 630 947; x_wconf 79' lang='lat' dir='ltr'><strong>certior</strong></span> <span class='ocrx_word' id='word_1_40' title='bbox 651 871 766 946; x_wconf 85' lang='lat' dir='ltr'><strong>factus,</strong></span> <span class='ocrx_word' id='word_1_41' title='bbox 783 869 956 930; x_wconf 87' lang='lat' dir='ltr'><strong>humanum</strong></span> <span class='ocrx_word' id='word_1_42' title='bbox 970 878 1065 948; x_wconf 87' lang='lat' dir='ltr'><strong>caput</strong></span> <span class='ocrx_word' id='word_1_43' title='bbox 1077 865 1197 929; x_wconf 84' lang='lat' dir='ltr'><strong>afferre</strong></span> 
     </span>
     <span class='ocr_line' id='line_1_7' title="bbox 201 947 1197 1033; baseline -0.003 -24"><span class='ocrx_word' id='word_1_44' title='bbox 201 971 286 1026; x_wconf 86' lang='lat' dir='ltr'><strong>eum,</strong></span> <span class='ocrx_word' id='word_1_45' title='bbox 309 950 515 1012; x_wconf 86' lang='lat' dir='ltr'><strong>tabernaculo</strong></span> <span class='ocrx_word' id='word_1_46' title='bbox 538 951 683 1030; x_wconf 77' lang='lat' dir='ltr'><strong>excessit,</strong></span> <span class='ocrx_word' id='word_1_47' title='bbox 722 961 971 1033; x_wconf 88' lang='lat' dir='ltr'><strong>ercontatusque</strong></span> <span class='ocrx_word' id='word_1_48' title='bbox 992 947 1130 1031; x_wconf 87' lang='lat' dir='ltr'><strong>quidrci</strong></span> <span class='ocrx_word' id='word_1_49' title='bbox 1145 947 1197 1026; x_wconf 90' lang='lat' dir='ltr'><strong>sit,</strong></span> 
     </span>
     <span class='ocr_line' id='line_1_8' title="bbox 171 972 1197 1112; baseline -0.004 -20"><span class='ocrx_word' id='word_1_50' title='bbox 171 1031 256 1094; x_wconf 72' lang='lat' dir='ltr'><strong>millo</strong></span> <span class='ocrx_word' id='word_1_51' title='bbox 276 1029 448 1110; x_wconf 84' lang='lat' dir='ltr'><strong>profitente</strong></span> <span class='ocrx_word' id='word_1_52' title='bbox 473 1031 647 1112; x_wconf 81' lang='lat' dir='ltr'><strong>cognoscit.</strong></span> <span class='ocrx_word' id='word_1_53' title='bbox 689 972 804 1093; x_wconf 59' lang='lat' dir='ltr'><strong>dariae</strong></span> <span class='ocrx_word' id='word_1_54' title='bbox 826 1029 899 1092; x_wconf 92' lang='lat' dir='ltr'><strong>hinc</strong></span> <span class='ocrx_word' id='word_1_55' title='bbox 920 1027 1197 1111; x_wconf 83' lang='lat' dir='ltr'><strong>cogitationesin-</strong></span> 
     </span>
     <span class='ocr_line' id='line_1_9' title="bbox 187 1107 1197 1193; baseline -0.001 -23"><span class='ocrx_word' id='word_1_56' title='bbox 187 1111 306 1174; x_wconf 62' lang='lat' dir='ltr'><strong>»vicem</strong></span> <span class='ocrx_word' id='word_1_57' title='bbox 327 1111 463 1172; x_wconf 86' lang='lat' dir='ltr'><strong>animum</strong></span> <span class='ocrx_word' id='word_1_58' title='bbox 485 1111 612 1170; x_wconf 85' lang='lat' dir='ltr'><strong>diversa</strong></span> <span class='ocrx_word' id='word_1_59' title='bbox 632 1111 800 1193; x_wconf 76' lang='lat' dir='ltr'><strong>agitantem</strong></span> <span class='ocrx_word' id='word_1_60' title='bbox 822 1118 1071 1172; x_wconf 85' lang='lat' dir='ltr'><strong>commoverant.</strong></span> <span class='ocrx_word' id='word_1_61' title='bbox 1100 1107 1197 1168; x_wconf 86' lang='lat' dir='ltr'><strong>Meri·</strong></span> 
     </span>
     <span class='ocr_line' id='line_1_10' title="bbox 189 1187 1195 1284; baseline -0.003 -36"><span class='ocrx_word' id='word_1_62' title='bbox 189 1203 267 1250; x_wconf 42' lang='lat' dir='ltr'><strong>&#39;tum</strong></span> <span class='ocrx_word' id='word_1_63' title='bbox 287 1191 397 1271; x_wconf 83' lang='lat' dir='ltr'><strong>ingens</strong></span> <span class='ocrx_word' id='word_1_64' title='bbox 427 1191 465 1250; x_wconf 60' lang='lat' dir='ltr'><strong>in,</strong></span> <span class='ocrx_word' id='word_1_65' title='bbox 486 1203 587 1250; x_wconf 86' lang='lat' dir='ltr'><strong>semet</strong></span> <span class='ocrx_word' id='word_1_66' title='bbox 615 1212 684 1252; x_wconf 90' lang='lat' dir='ltr'><strong>esse</strong></span> <span class='ocrx_word' id='word_1_67' title='bbox 715 1189 887 1260; x_wconf 87' lang='lat' dir='ltr'><strong>credebat,</strong></span> <span class='ocrx_word' id='word_1_68' title='bbox 916 1190 1003 1284; x_wconf 79' lang='lat' dir='ltr'><strong>quod</strong></span> <span class='ocrx_word' id='word_1_69' title='bbox 1031 1187 1195 1271; x_wconf 78' lang='lat' dir='ltr'><strong>transfuga</strong></span> 
     </span>
    </p>
   </div>
   <div class='ocr_carea' id='block_1_3' title="bbox 101 1269 1283 1351">
    <p class='ocr_par' dir='ltr' id='par_1_3' title="bbox 101 1269 1283 1351">
     <span class='ocr_line' id='line_1_11' title="bbox 101 1269 1283 1351; baseline -0.002 -21"><span class='ocrx_word' id='word_1_70' title='bbox 101 1295 106 1302; x_wconf 64' lang='lat'><em>¹</em></span> <span class='ocrx_word' id='word_1_71' title='bbox 188 1284 233 1330; x_wconf 83' lang='lat' dir='ltr'><strong>et</strong></span> <span class='ocrx_word' id='word_1_72' title='bbox 253 1273 420 1351; x_wconf 80' lang='lat' dir='ltr'><strong>proditor,</strong></span> <span class='ocrx_word' id='word_1_73' title='bbox 441 1270 534 1330; x_wconf 91' lang='lat' dir='ltr'><strong>tantis</strong></span> <span class='ocrx_word' id='word_1_74' title='bbox 555 1270 669 1347; x_wconf 90' lang='lat' dir='ltr'><strong>rebus,</strong></span> <span class='ocrx_word' id='word_1_75' title='bbox 701 1271 728 1332; x_wconf 91' lang='lat' dir='ltr'><strong>si</strong></span> <span class='ocrx_word' id='word_1_76' title='bbox 748 1269 894 1345; x_wconf 82' lang='lat' dir='ltr'><strong>vixisset,</strong></span> <span class='ocrx_word' id='word_1_77' title='bbox 926 1280 1101 1345; x_wconf 80' lang='lat' dir='ltr'><strong>mrecturus</strong></span> <span class='ocrx_word' id='word_1_78' title='bbox 1127 1288 1195 1328; x_wconf 91' lang='lat' dir='ltr'><strong>mo·</strong></span> <span class='ocrx_word' id='word_1_79' title='bbox 1278 1289 1283 1296; x_wconf 60' lang='grc'><em>“</em></span> 
     </span>
    </p>
   </div>
   <div class='ocr_carea' id='block_1_4' title="bbox 90 1349 1195 2794">
    <p class='ocr_par' dir='ltr' id='par_1_4' title="bbox 151 1349 1194 1432">
     <span class='ocr_line' id='line_1_12' title="bbox 151 1349 1194 1432; baseline -0.001 -23"><span class='ocrx_word' id='word_1_80' title='bbox 151 1385 159 1422; x_wconf 57' lang='grc' dir='ltr'><strong>ς</strong></span> <span class='ocrx_word' id='word_1_81' title='bbox 201 1373 279 1419; x_wconf 86' lang='lat' dir='ltr'><strong>ram,</strong></span> <span class='ocrx_word' id='word_1_82' title='bbox 299 1350 489 1412; x_wconf 80' lang='lat' dir='ltr'><strong>interfectus</strong></span> <span class='ocrx_word' id='word_1_83' title='bbox 512 1363 614 1412; x_wconf 89' lang='lat' dir='ltr'><strong>esset:</strong></span> <span class='ocrx_word' id='word_1_84' title='bbox 646 1363 756 1412; x_wconf 89' lang='lat' dir='ltr'><strong>contra</strong></span> <span class='ocrx_word' id='word_1_85' title='bbox 781 1349 904 1410; x_wconf 84' lang='lat' dir='ltr'><strong>facinus</strong></span> <span class='ocrx_word' id='word_1_86' title='bbox 932 1350 1043 1432; x_wconf 88' lang='lat' dir='ltr'><strong>ingens</strong></span> <span class='ocrx_word' id='word_1_87' title='bbox 1068 1367 1194 1410; x_wconf 86' lang='lat' dir='ltr'><strong>aversa·</strong></span> 
     </span>
    </p>

    <p class='ocr_par' dir='ltr' id='par_1_5' title="bbox 105 1428 1195 1592">
     <span class='ocr_line' id='line_1_13' title="bbox 105 1428 1195 1512; baseline 0.002 -25"><span class='ocrx_word' id='word_1_88' title='bbox 105 1451 107 1455; x_wconf 68' lang='grc'>’</span> <span class='ocrx_word' id='word_1_89' title='bbox 201 1429 307 1506; x_wconf 89' lang='lat' dir='ltr'><strong>hatur,</strong></span> <span class='ocrx_word' id='word_1_90' title='bbox 328 1451 400 1490; x_wconf 88' lang='lat' dir='ltr'><strong>cum</strong></span> <span class='ocrx_word' id='word_1_91' title='bbox 422 1429 541 1512; x_wconf 89' lang='lat' dir='ltr'><strong>optime</strong></span> <span class='ocrx_word' id='word_1_92' title='bbox 562 1431 712 1492; x_wconf 87' lang='lat' dir='ltr'><strong>meritum</strong></span> <span class='ocrx_word' id='word_1_93' title='bbox 734 1429 774 1490; x_wconf 91' lang='lat' dir='ltr'><strong>de</strong></span> <span class='ocrx_word' id='word_1_94' title='bbox 796 1431 880 1512; x_wconf 86' lang='lat' dir='ltr'><strong>ipsa,</strong></span> <span class='ocrx_word' id='word_1_95' title='bbox 906 1428 1120 1490; x_wconf 89' lang='lat' dir='ltr'><strong>communium</strong></span> <span class='ocrx_word' id='word_1_96' title='bbox 1140 1450 1195 1509; x_wconf 90' lang='lat' dir='ltr'><strong>pa·</strong></span> 
     </span>
     <span class='ocr_line' id='line_1_14' title="bbox 168 1509 1194 1592; baseline -0.004 -20"><span class='ocrx_word' id='word_1_97' title='bbox 168 1519 324 1582; x_wconf 61' lang='lat' dir='ltr'><strong>carentem</strong></span> <span class='ocrx_word' id='word_1_98' title='bbox 344 1510 493 1587; x_wconf 85' lang='lat' dir='ltr'><strong>liberum,</strong></span> <span class='ocrx_word' id='word_1_99' title='bbox 512 1531 572 1592; x_wconf 89' lang='lat' dir='ltr'><strong>per</strong></span> <span class='ocrx_word' id='word_1_100' title='bbox 592 1511 718 1572; x_wconf 80' lang='lat' dir='ltr'><strong>insidias</strong></span> <span class='ocrx_word' id='word_1_101' title='bbox 739 1509 960 1574; x_wconf 84' lang='lat' dir='ltr'><strong>interemisset.</strong></span> <span class='ocrx_word' id='word_1_102' title='bbox 981 1509 1069 1573; x_wconf 87' lang='lat' dir='ltr'><strong>Vicit</strong></span> <span class='ocrx_word' id='word_1_103' title='bbox 1089 1519 1194 1570; x_wconf 86' lang='lat' dir='ltr'><strong>tamen</strong></span> 
     </span>
    </p>

    <p class='ocr_par' dir='ltr' id='par_1_6' title="bbox 146 1589 1194 1673">
     <span class='ocr_line' id='line_1_15' title="bbox 146 1589 1194 1673; baseline 0.001 -25"><span class='ocrx_word' id='word_1_104' title='bbox 146 1623 150 1654; x_wconf 67' lang='lat' dir='ltr'><em>s</em></span> <span class='ocrx_word' id='word_1_105' title='bbox 200 1589 333 1668; x_wconf 84' lang='lat' dir='ltr'><strong>gratiam</strong></span> <span class='ocrx_word' id='word_1_106' title='bbox 358 1591 464 1651; x_wconf 87' lang='lat' dir='ltr'><strong>meriti</strong></span> <span class='ocrx_word' id='word_1_107' title='bbox 485 1590 623 1670; x_wconf 80' lang='lat' dir='ltr'><strong>&#39;sceleris</strong></span> <span class='ocrx_word' id='word_1_108' title='bbox 651 1590 821 1666; x_wconf 80' lang='lat' dir='ltr'><strong>atrocitas,</strong></span> <span class='ocrx_word' id='word_1_109' title='bbox 861 1589 1104 1673; x_wconf 83' lang='lat' dir='ltr'><strong>denuntiarique</strong></span> <span class='ocrx_word' id='word_1_110' title='bbox 1131 1591 1194 1649; x_wconf 88' lang='lat' dir='ltr'><strong>ius-</strong></span> 
     </span>
    </p>

    <p class='ocr_par' dir='ltr' id='par_1_7' title="bbox 198 1669 1194 1888">
     <span class='ocr_line' id='line_1_16' title="bbox 200 1669 1194 1748; baseline 0.003 -21"><span class='ocrx_word' id='word_1_111' title='bbox 200 1669 251 1742; x_wconf 89' lang='lat' dir='ltr'><strong>sit,</strong></span> <span class='ocrx_word' id='word_1_112' title='bbox 271 1682 308 1730; x_wconf 87' lang='lat' dir='ltr'><strong>ut</strong></span> <span class='ocrx_word' id='word_1_113' title='bbox 323 1670 497 1732; x_wconf 81' lang='lat' dir='ltr'><strong>excederet</strong></span> <span class='ocrx_word' id='word_1_114' title='bbox 517 1671 639 1748; x_wconf 87' lang='lat' dir='ltr'><strong>castris,</strong></span> <span class='ocrx_word' id='word_1_115' title='bbox 660 1691 724 1732; x_wconf 91' lang='lat' dir='ltr'><strong>neu</strong></span> <span class='ocrx_word' id='word_1_116' title='bbox 743 1669 888 1734; x_wconf 86' lang='lat' dir='ltr'><strong>licentiae</strong></span> <span class='ocrx_word' id='word_1_117' title='bbox 909 1669 1064 1732; x_wconf 86' lang='lat' dir='ltr'><strong>barbarae</strong></span> <span class='ocrx_word' id='word_1_118' title='bbox 1088 1689 1194 1730; x_wconf 85' lang='lat' dir='ltr'><strong>exem·</strong></span> 
     </span>
     <span class='ocr_line' id='line_1_17' title="bbox 198 1749 1194 1888; baseline 0.008 -81"><span class='ocrx_word' id='word_1_119' title='bbox 198 1749 270 1888; x_wconf 82' lang='lat' dir='ltr'><strong>piar</strong></span> <span class='ocrx_word' id='word_1_120' title='bbox 305 1751 336 1810; x_wconf 92' lang='lat' dir='ltr'><strong>in</strong></span> <span class='ocrx_word' id='word_1_121' title='bbox 372 1751 572 1833; x_wconf 84' lang='lat' dir='ltr'><strong>Graecorum</strong></span> <span class='ocrx_word' id='word_1_122' title='bbox 604 1772 711 1814; x_wconf 86' lang='lat' dir='ltr'><strong>moras</strong></span> <span class='ocrx_word' id='word_1_123' title='bbox 750 1764 784 1813; x_wconf 88' lang='lat' dir='ltr'><strong>et</strong></span> <span class='ocrx_word' id='word_1_124' title='bbox 820 1750 909 1812; x_wconf 89' lang='lat' dir='ltr'><strong>mitia</strong></span> <span class='ocrx_word' id='word_1_125' title='bbox 942 1749 1066 1835; x_wconf 85' lang='lat' dir='ltr'><strong>ingenia</strong></span> <span class='ocrx_word' id='word_1_126' title='bbox 1095 1761 1194 1815; x_wconf 85' lang='lat' dir='ltr'><strong>trans-</strong></span> 
     </span>
    </p>

    <p class='ocr_par' dir='ltr' id='par_1_8' title="bbox 185 1843 312 1894">
     <span class='ocr_line' id='line_1_18' title="bbox 185 1843 312 1894; baseline 0.039 -5"><span class='ocrx_word' id='word_1_127' title='bbox 185 1883 188 1889; x_wconf 93' lang='grc'><em>,</em></span> <span class='ocrx_word' id='word_1_128' title='bbox 215 1843 312 1894; x_wconf 86' lang='lat' dir='ltr'><strong>erret.</strong></span> 
     </span>
    </p>

    <p class='ocr_par' dir='ltr' id='par_1_9' title="bbox 90 1909 1193 2222">
     <span class='ocr_line' id='line_1_19' title="bbox 90 1909 1193 1994; baseline 0 -22"><span class='ocrx_word' id='word_1_129' title='bbox 90 1952 93 1957; x_wconf 92' lang='lat'><em>-</em></span> <span class='ocrx_word' id='word_1_130' title='bbox 162 1924 198 1986; x_wconf 81' lang='lat'><strong>13</strong></span> <span class='ocrx_word' id='word_1_131' title='bbox 278 1910 400 1990; x_wconf 86' lang='lat' dir='ltr'><strong>Dahae,</strong></span> <span class='ocrx_word' id='word_1_132' title='bbox 421 1911 609 1994; x_wconf 87' lang='lat' dir='ltr'><strong>Spitamenis</strong></span> <span class='ocrx_word' id='word_1_133' title='bbox 630 1911 729 1974; x_wconf 89' lang='lat' dir='ltr'><strong>caede</strong></span> <span class='ocrx_word' id='word_1_134' title='bbox 746 1923 922 1994; x_wconf 88' lang='lat' dir='ltr'><strong>comperta,</strong></span> <span class='ocrx_word' id='word_1_135' title='bbox 943 1909 1193 1992; x_wconf 86' lang='lat' dir='ltr'><strong>Dataphernem,</strong></span> 
     </span>
     <span class='ocr_line' id='line_1_20' title="bbox 185 1989 1192 2074; baseline 0.004 -26"><span class='ocrx_word' id='word_1_136' title='bbox 185 1991 388 2052; x_wconf 73' lang='lat' dir='ltr'><strong>,deiectionis</strong></span> <span class='ocrx_word' id='word_1_137' title='bbox 410 1995 477 2054; x_wconf 88' lang='lat' dir='ltr'><strong>eius</strong></span> <span class='ocrx_word' id='word_1_138' title='bbox 496 1993 702 2074; x_wconf 87' lang='lat' dir='ltr'><strong>participem,</strong></span> <span class='ocrx_word' id='word_1_139' title='bbox 731 1994 870 2054; x_wconf 87' lang='lat' dir='ltr'><strong>vinctum</strong></span> <span class='ocrx_word' id='word_1_140' title='bbox 890 1989 1072 2053; x_wconf 83' lang='lat' dir='ltr'><strong>Alexandro</strong></span> <span class='ocrx_word' id='word_1_141' title='bbox 1092 2011 1192 2074; x_wconf 88' lang='lat' dir='ltr'><strong>seque</strong></span> 
     </span>
     <span class='ocr_line' id='line_1_21' title="bbox 199 2071 1193 2154; baseline -0.002 -22"><span class='ocrx_word' id='word_1_142' title='bbox 199 2072 331 2134; x_wconf 86' lang='lat' dir='ltr'><strong>dedunt.</strong></span> <span class='ocrx_word' id='word_1_143' title='bbox 373 2073 447 2150; x_wconf 85' lang='lat' dir='ltr'><strong>Ille,</strong></span> <span class='ocrx_word' id='word_1_144' title='bbox 474 2073 608 2134; x_wconf 81' lang='lat' dir='ltr'><strong>maxima</strong></span> <span class='ocrx_word' id='word_1_145' title='bbox 628 2073 843 2154; x_wconf 87' lang='lat' dir='ltr'><strong>praesentium</strong></span> <span class='ocrx_word' id='word_1_146' title='bbox 871 2091 1020 2132; x_wconf 87' lang='lat' dir='ltr'><strong>curarum</strong></span> <span class='ocrx_word' id='word_1_147' title='bbox 1044 2083 1136 2153; x_wconf 87' lang='lat' dir='ltr'><strong>parte</strong></span> <span class='ocrx_word' id='word_1_148' title='bbox 1156 2071 1193 2130; x_wconf 88' lang='lat' dir='ltr'><strong>li·</strong></span> 
     </span>
     <span class='ocr_line' id='line_1_22' title="bbox 195 2151 1193 2222; baseline 0.002 -12"><span class='ocrx_word' id='word_1_149' title='bbox 195 2151 347 2222; x_wconf 79' lang='lat' dir='ltr'><strong>beratus,</strong></span> <span class='ocrx_word' id='word_1_150' title='bbox 367 2154 525 2216; x_wconf 85' lang='lat' dir='ltr'><strong>convertit</strong></span> <span class='ocrx_word' id='word_1_151' title='bbox 550 2153 686 2213; x_wconf 89' lang='lat' dir='ltr'><strong>animum</strong></span> <span class='ocrx_word' id='word_1_152' title='bbox 698 2153 747 2214; x_wconf 79' lang='lat' dir='ltr'><strong>ad</strong></span> <span class='ocrx_word' id='word_1_153' title='bbox 769 2151 966 2215; x_wconf 89' lang='lat' dir='ltr'><strong>vindicandas</strong></span> <span class='ocrx_word' id='word_1_154' title='bbox 987 2151 1115 2214; x_wconf 88' lang='lat' dir='ltr'><strong>iniurias</strong></span> <span class='ocrx_word' id='word_1_155' title='bbox 1138 2172 1193 2212; x_wconf 90' lang='lat' dir='ltr'><strong>eo·</strong></span> 
     </span>
    </p>

    <p class='ocr_par' dir='ltr' id='par_1_10' title="bbox 164 2229 1191 2313">
     <span class='ocr_line' id='line_1_23' title="bbox 164 2229 1191 2313; baseline 0.003 -24"><span class='ocrx_word' id='word_1_156' title='bbox 164 2283 167 2289; x_wconf 79' lang='grc'><strong><em>,</em></strong></span> <span class='ocrx_word' id='word_1_157' title='bbox 195 2251 278 2303; x_wconf 84' lang='lat' dir='ltr'><strong>rum,</strong></span> <span class='ocrx_word' id='word_1_158' title='bbox 299 2229 414 2312; x_wconf 88' lang='lat' dir='ltr'><strong>quibus</strong></span> <span class='ocrx_word' id='word_1_159' title='bbox 438 2253 455 2292; x_wconf 92' lang='lat' dir='ltr'><strong>a</strong></span> <span class='ocrx_word' id='word_1_160' title='bbox 476 2231 678 2313; x_wconf 87' lang='lat' dir='ltr'><strong>praetoribus</strong></span> <span class='ocrx_word' id='word_1_161' title='bbox 706 2233 770 2294; x_wconf 85' lang='lat' dir='ltr'><strong>suis</strong></span> <span class='ocrx_word' id='word_1_162' title='bbox 791 2251 886 2292; x_wconf 88' lang='lat' dir='ltr'><strong>avare</strong></span> <span class='ocrx_word' id='word_1_163' title='bbox 914 2251 950 2292; x_wconf 93' lang='lat' dir='ltr'><strong>ac</strong></span> <span class='ocrx_word' id='word_1_164' title='bbox 976 2231 1114 2312; x_wconf 89' lang='lat' dir='ltr'><strong>superbe</strong></span> <span class='ocrx_word' id='word_1_165' title='bbox 1134 2233 1191 2292; x_wconf 90' lang='lat' dir='ltr'><strong>im-</strong></span> 
     </span>
    </p>

    <p class='ocr_par' dir='ltr' id='par_1_11' title="bbox 159 2309 1191 2394">
     <span class='ocr_line' id='line_1_24' title="bbox 159 2309 1191 2394; baseline 0.003 -25"><span class='ocrx_word' id='word_1_166' title='bbox 159 2309 381 2390; x_wconf 68' lang='lat' dir='ltr'><strong>17perabatur.</strong></span> <span class='ocrx_word' id='word_1_167' title='bbox 426 2312 514 2394; x_wconf 80' lang='lat' dir='ltr'><strong>Ergo</strong></span> <span class='ocrx_word' id='word_1_168' title='bbox 535 2310 766 2392; x_wconf 86' lang='lat' dir='ltr'><strong>Phratapherni</strong></span> <span class='ocrx_word' id='word_1_169' title='bbox 788 2311 976 2390; x_wconf 87' lang='lat' dir='ltr'><strong>Hyrcaniam</strong></span> <span class='ocrx_word' id='word_1_170' title='bbox 1001 2323 1036 2374; x_wconf 91' lang='lat' dir='ltr'><strong>et</strong></span> <span class='ocrx_word' id='word_1_171' title='bbox 1063 2311 1191 2374; x_wconf 87' lang='lat' dir='ltr'><strong>Mardos</strong></span> 
     </span>
    </p>

    <p class='ocr_par' dir='ltr' id='par_1_12' title="bbox 196 2390 1192 2553">
     <span class='ocr_line' id='line_1_25' title="bbox 196 2390 1192 2476; baseline 0.002 -26"><span class='ocrx_word' id='word_1_172' title='bbox 196 2409 268 2450; x_wconf 86' lang='lat' dir='ltr'><strong>eum</strong></span> <span class='ocrx_word' id='word_1_173' title='bbox 293 2391 337 2448; x_wconf 79' lang='lat' dir='ltr'><strong>&#39;l&#39;a</strong></span> <span class='ocrx_word' id='word_1_174' title='bbox 361 2390 424 2470; x_wconf 88' lang='lat' dir='ltr'><strong>yris</strong></span> <span class='ocrx_word' id='word_1_175' title='bbox 445 2390 590 2467; x_wconf 87' lang='lat' dir='ltr'><strong>tradidit,</strong></span> <span class='ocrx_word' id='word_1_176' title='bbox 610 2393 848 2476; x_wconf 83' lang='lat' dir='ltr'><strong>mandavitque,</strong></span> <span class='ocrx_word' id='word_1_177' title='bbox 869 2403 905 2452; x_wconf 90' lang='lat' dir='ltr'><strong>ut</strong></span> <span class='ocrx_word' id='word_1_178' title='bbox 920 2391 1116 2468; x_wconf 87' lang='lat' dir='ltr'><strong>Phradaten,</strong></span> <span class='ocrx_word' id='word_1_179' title='bbox 1140 2393 1192 2453; x_wconf 93' lang='lat' dir='ltr'><strong>cui</strong></span> 
     </span>
     <span class='ocr_line' id='line_1_26' title="bbox 196 2411 1191 2553; baseline 0.004 -25"><span class='ocrx_word' id='word_1_180' title='bbox 196 2411 407 2553; x_wconf 66' lang='lat' dir='ltr'><strong>succcdehat,</strong></span> <span class='ocrx_word' id='word_1_181' title='bbox 444 2471 484 2532; x_wconf 91' lang='lat' dir='ltr'><strong>ad</strong></span> <span class='ocrx_word' id='word_1_182' title='bbox 516 2491 550 2531; x_wconf 88' lang='lat' dir='ltr'><strong>sc</strong></span> <span class='ocrx_word' id='word_1_183' title='bbox 584 2471 617 2534; x_wconf 90' lang='lat' dir='ltr'><strong>in</strong></span> <span class='ocrx_word' id='word_1_184' title='bbox 645 2473 823 2539; x_wconf 87' lang='lat' dir='ltr'><strong>custodiam</strong></span> <span class='ocrx_word' id='word_1_185' title='bbox 854 2472 1006 2538; x_wconf 86' lang='lat' dir='ltr'><strong>mitteret.</strong></span> <span class='ocrx_word' id='word_1_186' title='bbox 1054 2472 1191 2550; x_wconf 80' lang='lat' dir='ltr'><strong>Arasmi,</strong></span> 
     </span>
    </p>

    <p class='ocr_par' dir='ltr' id='par_1_13' title="bbox 195 2549 1189 2634">
     <span class='ocr_line' id='line_1_27' title="bbox 195 2549 1189 2634; baseline 0.004 -26"><span class='ocrx_word' id='word_1_187' title='bbox 195 2549 396 2634; x_wconf 84' lang='lat' dir='ltr'><strong>Drangarum</strong></span> <span class='ocrx_word' id='word_1_188' title='bbox 413 2549 591 2632; x_wconf 85' lang='lat' dir='ltr'><strong>praefecto,</strong></span> <span class='ocrx_word' id='word_1_189' title='bbox 612 2552 801 2614; x_wconf 88' lang='lat' dir='ltr'><strong>substitutus</strong></span> <span class='ocrx_word' id='word_1_190' title='bbox 824 2564 873 2614; x_wconf 90' lang='lat' dir='ltr'><strong>est</strong></span> <span class='ocrx_word' id='word_1_191' title='bbox 901 2552 1067 2630; x_wconf 84' lang='lat' dir='ltr'><strong>Stasanor3</strong></span> <span class='ocrx_word' id='word_1_192' title='bbox 1093 2557 1189 2614; x_wconf 89' lang='lat' dir='ltr'><strong>Arsa·</strong></span> 
     </span>
    </p>

    <p class='ocr_par' dir='ltr' id='par_1_14' title="bbox 197 2630 1189 2714">
     <span class='ocr_line' id='line_1_28' title="bbox 197 2630 1189 2714; baseline 0.009 -26"><span class='ocrx_word' id='word_1_193' title='bbox 197 2649 249 2689; x_wconf 90' lang='lat' dir='ltr'><strong>ces</strong></span> <span class='ocrx_word' id='word_1_194' title='bbox 270 2631 302 2692; x_wconf 89' lang='lat' dir='ltr'><strong>in</strong></span> <span class='ocrx_word' id='word_1_195' title='bbox 323 2630 458 2692; x_wconf 85' lang='lat' dir='ltr'><strong>Mediam</strong></span> <span class='ocrx_word' id='word_1_196' title='bbox 480 2631 611 2705; x_wconf 85' lang='lat' dir='ltr'><strong>missus,</strong></span> <span class='ocrx_word' id='word_1_197' title='bbox 641 2645 678 2694; x_wconf 90' lang='lat' dir='ltr'><strong>ut</strong></span> <span class='ocrx_word' id='word_1_198' title='bbox 707 2633 868 2714; x_wconf 85' lang='lat' dir='ltr'><strong>Oxydates</strong></span> <span class='ocrx_word' id='word_1_199' title='bbox 895 2631 969 2694; x_wconf 91' lang='lat' dir='ltr'><strong>inde</strong></span> <span class='ocrx_word' id='word_1_200' title='bbox 996 2632 1189 2698; x_wconf 87' lang='lat' dir='ltr'><strong>discederet.</strong></span> 
     </span>
    </p>

    <p class='ocr_par' dir='ltr' id='par_1_15' title="bbox 194 2710 1136 2794">
     <span class='ocr_line' id='line_1_29' title="bbox 194 2710 1136 2794; baseline 0.012 -26"><span class='ocrx_word' id='word_1_201' title='bbox 194 2710 379 2791; x_wconf 85' lang='lat' dir='ltr'><strong>Babylonia,</strong></span> <span class='ocrx_word' id='word_1_202' title='bbox 401 2713 570 2794; x_wconf 88' lang='lat' dir='ltr'><strong>demortuo</strong></span> <span class='ocrx_word' id='word_1_203' title='bbox 591 2715 733 2785; x_wconf 84' lang='lat' dir='ltr'><strong>Mazaeo,</strong></span> <span class='ocrx_word' id='word_1_204' title='bbox 755 2713 892 2774; x_wconf 85' lang='lat' dir='ltr'><strong>Stameni</strong></span> <span class='ocrx_word' id='word_1_205' title='bbox 912 2713 1055 2776; x_wconf 86' lang='lat' dir='ltr'><strong>subiecta</strong></span> <span class='ocrx_word' id='word_1_206' title='bbox 1076 2726 1136 2779; x_wconf 83' lang='lat' dir='ltr'><strong>est.</strong></span> 
     </span>
    </p>
   </div>
   <div class='ocr_carea' id='block_1_5' title="bbox 193 2863 391 2876">
    <p class='ocr_par' dir='ltr' id='par_1_16' title="bbox 193 2863 391 2876">
     <span class='ocr_line' id='line_1_30' title="bbox 193 2863 391 2876; baseline 0.005 -3"><span class='ocrx_word' id='word_1_207' title='bbox 193 2863 391 2876; x_wconf 69' lang='lat' dir='ltr'>——n—</span> 
     </span>
    </p>
   </div>
   <div class='ocr_carea' id='block_1_6' title="bbox 182 2951 1188 3555">
    <p class='ocr_par' dir='ltr' id='par_1_17' title="bbox 182 2951 804 3022">
     <span class='ocr_line' id='line_1_31' title="bbox 182 2951 804 3022; baseline 0.002 -18"><span class='ocrx_word' id='word_1_208' title='bbox 182 2999 185 3004; x_wconf 94' lang='lat'>.</span> <span class='ocrx_word' id='word_1_209' title='bbox 246 2951 286 3018; x_wconf 76' lang='lat'><strong>12)</strong></span> <span class='ocrx_word' id='word_1_210' title='bbox 305 2951 378 3006; x_wconf 86' lang='lat' dir='ltr'><strong>Frsh.</strong></span> <span class='ocrx_word' id='word_1_211' title='bbox 401 2962 501 3022; x_wconf 81' lang='lat' dir='ltr'><strong>transp.</strong></span> <span class='ocrx_word' id='word_1_212' title='bbox 521 2963 597 3003; x_wconf 82' lang='lat' dir='ltr'><strong>stare</strong></span> <span class='ocrx_word' id='word_1_213' title='bbox 614 2971 642 3002; x_wconf 83' lang='grc' dir='ltr'><strong>ιη</strong></span> <span class='ocrx_word' id='word_1_214' title='bbox 659 2953 780 3005; x_wconf 73' lang='lat' dir='ltr'><strong>vestibat</strong></span> <span class='ocrx_word' id='word_1_215' title='bbox 798 2990 804 3004; x_wconf 91' lang='lat'>.</span> 
     </span>
    </p>

    <p class='ocr_par' dir='ltr' id='par_1_18' title="bbox 194 3018 1188 3152">
     <span class='ocr_line' id='line_1_32' title="bbox 247 3018 1188 3095; baseline 0.012 -27"><span class='ocrx_word' id='word_1_216' title='bbox 247 3018 289 3087; x_wconf 80' lang='lat'><strong>13)</strong></span> <span class='ocrx_word' id='word_1_217' title='bbox 312 3022 334 3068; x_wconf 83' lang='lat' dir='ltr'>T</span> <span class='ocrx_word' id='word_1_218' title='bbox 338 3019 429 3072; x_wconf 87' lang='lat' dir='ltr'><strong>heccr.</strong></span> <span class='ocrx_word' id='word_1_219' title='bbox 459 3038 517 3071; x_wconf 82' lang='lat' dir='ltr'><strong>enm</strong></span> <span class='ocrx_word' id='word_1_220' title='bbox 543 3023 572 3070; x_wconf 83' lang='grc' dir='ltr'><strong>ιἰι</strong></span> <span class='ocrx_word' id='word_1_221' title='bbox 598 3021 805 3074; x_wconf 83' lang='lat' dir='ltr'><strong>tabernaculam</strong></span> <span class='ocrx_word' id='word_1_222' title='bbox 831 3027 956 3095; x_wconf 78' lang='lat' dir='ltr'><strong>encepa&#39;t3</strong></span> <span class='ocrx_word' id='word_1_223' title='bbox 972 3025 1188 3079; x_wconf 42' lang='lat' dir='ltr'><strong>,tabernaculam</strong></span> 
     </span>
     <span class='ocr_line' id='line_1_33' title="bbox 194 3087 895 3152; baseline 0.004 -15"><span class='ocrx_word' id='word_1_224' title='bbox 194 3090 272 3138; x_wconf 86' lang='lat' dir='ltr'><strong>etiam</strong></span> <span class='ocrx_word' id='word_1_225' title='bbox 291 3089 335 3137; x_wconf 86' lang='lat' dir='ltr'><strong>alii</strong></span> <span class='ocrx_word' id='word_1_226' title='bbox 361 3087 448 3139; x_wconf 90' lang='lat' dir='ltr'><strong>Codd.</strong></span> <span class='ocrx_word' id='word_1_227' title='bbox 468 3087 574 3140; x_wconf 86' lang='lat' dir='ltr'><strong>habent.</strong></span> <span class='ocrx_word' id='word_1_228' title='bbox 893 3147 895 3152; x_wconf 90' lang='lat'><em>.</em></span> 
     </span>
    </p>

    <p class='ocr_par' dir='ltr' id='par_1_19' title="bbox 192 3154 1186 3279">
     <span class='ocr_line' id='line_1_34' title="bbox 245 3154 1186 3230; baseline 0.005 -25"><span class='ocrx_word' id='word_1_229' title='bbox 245 3154 286 3223; x_wconf 72' lang='lat'><strong>14)</strong></span> <span class='ocrx_word' id='word_1_230' title='bbox 306 3155 374 3208; x_wconf 88' lang='lat' dir='ltr'><strong>Edd.</strong></span> <span class='ocrx_word' id='word_1_231' title='bbox 393 3165 454 3208; x_wconf 86' lang='lat' dir='ltr'><strong>vett.</strong></span> <span class='ocrx_word' id='word_1_232' title='bbox 471 3157 743 3226; x_wconf 80' lang='lat' dir='ltr'><strong>quique-iniecturus</strong></span> <span class='ocrx_word' id='word_1_233' title='bbox 758 3175 862 3212; x_wconf 85' lang='lat' dir='ltr'><strong>moram</strong></span> <span class='ocrx_word' id='word_1_234' title='bbox 871 3160 997 3230; x_wconf 83' lang='lat' dir='ltr'><strong>faisset;</strong></span> <span class='ocrx_word' id='word_1_235' title='bbox 1014 3170 1082 3230; x_wconf 84' lang='lat' dir='ltr'><strong>optt.</strong></span> <span class='ocrx_word' id='word_1_236' title='bbox 1099 3159 1186 3212; x_wconf 90' lang='lat' dir='ltr'><strong>Codd.</strong></span> 
     </span>
     <span class='ocr_line' id='line_1_35' title="bbox 192 3223 820 3279; baseline 0.006 -4"><span class='ocrx_word' id='word_1_237' title='bbox 192 3227 359 3276; x_wconf 65' lang='lat' dir='ltr'><strong>:invecturum</strong></span> <span class='ocrx_word' id='word_1_238' title='bbox 378 3254 410 3265; x_wconf 95' lang='lat'><em>-</em></span> <span class='ocrx_word' id='word_1_239' title='bbox 426 3226 503 3278; x_wconf 87' lang='lat' dir='ltr'><strong>Voss.</strong></span> <span class='ocrx_word' id='word_1_240' title='bbox 526 3243 546 3275; x_wconf 84' lang='lat'><strong>1·</strong></span> <span class='ocrx_word' id='word_1_241' title='bbox 567 3241 591 3279; x_wconf 81' lang='lat' dir='ltr'><strong>a·</strong></span> <span class='ocrx_word' id='word_1_242' title='bbox 611 3223 820 3279; x_wconf 80' lang='lat' dir='ltr'><strong>adversabatur.</strong></span> 
     </span>
    </p>

    <p class='ocr_par' dir='ltr' id='par_1_20' title="bbox 243 3292 612 3360">
     <span class='ocr_line' id='line_1_36' title="bbox 243 3292 612 3360; baseline -0.003 -16"><span class='ocrx_word' id='word_1_243' title='bbox 243 3292 286 3360; x_wconf 85' lang='lat'><strong>15)</strong></span> <span class='ocrx_word' id='word_1_244' title='bbox 304 3293 389 3360; x_wconf 77' lang='lat' dir='ltr'><strong>Lugd.</strong></span> <span class='ocrx_word' id='word_1_245' title='bbox 408 3294 479 3344; x_wconf 80' lang='lat' dir='ltr'><strong>vicit</strong></span> <span class='ocrx_word' id='word_1_246' title='bbox 496 3293 612 3344; x_wconf 72' lang='lat' dir='ltr'><strong>totidem.</strong></span> 
     </span>
    </p>

    <p class='ocr_par' dir='ltr' id='par_1_21' title="bbox 244 3361 821 3430">
     <span class='ocr_line' id='line_1_37' title="bbox 244 3361 821 3430; baseline -0.003 -15"><span class='ocrx_word' id='word_1_247' title='bbox 244 3363 289 3420; x_wconf 74' lang='lat'><strong>16)</strong></span> <span class='ocrx_word' id='word_1_248' title='bbox 309 3361 425 3414; x_wconf 85' lang='lat' dir='ltr'><strong>Theocr.</strong></span> <span class='ocrx_word' id='word_1_249' title='bbox 448 3365 664 3430; x_wconf 77' lang='lat' dir='ltr'><strong>inpraesentia.</strong></span> <span class='ocrx_word' id='word_1_250' title='bbox 767 3412 768 3416; x_wconf 71' lang='grc'>,</span> <span class='ocrx_word' id='word_1_251' title='bbox 819 3421 821 3426; x_wconf 33' lang='grc' dir='ltr'>Ι</span> 
     </span>
    </p>

    <p class='ocr_par' dir='ltr' id='par_1_22' title="bbox 191 3429 1182 3555">
     <span class='ocr_line' id='line_1_38' title="bbox 240 3429 1182 3500; baseline 0.006 -22"><span class='ocrx_word' id='word_1_252' title='bbox 240 3429 288 3498; x_wconf 79' lang='lat'><strong>¹17)</strong></span> <span class='ocrx_word' id='word_1_253' title='bbox 308 3430 364 3500; x_wconf 81' lang='lat' dir='ltr'><strong>Pal.</strong></span> <span class='ocrx_word' id='word_1_254' title='bbox 384 3439 406 3486; x_wconf 90' lang='lat'><strong>1.</strong></span> <span class='ocrx_word' id='word_1_255' title='bbox 427 3429 574 3494; x_wconf 84' lang='lat' dir='ltr'><strong>decederet,</strong></span> <span class='ocrx_word' id='word_1_256' title='bbox 590 3432 633 3486; x_wconf 90' lang='lat' dir='ltr'><strong>Ps.</strong></span> <span class='ocrx_word' id='word_1_257' title='bbox 652 3447 676 3486; x_wconf 87' lang='lat'><strong>1.</strong></span> <span class='ocrx_word' id='word_1_258' title='bbox 696 3431 838 3483; x_wconf 83' lang='lat' dir='ltr'><strong>secederet.</strong></span> <span class='ocrx_word' id='word_1_259' title='bbox 868 3464 900 3474; x_wconf 91' lang='lat'><strong>—·</strong></span> <span class='ocrx_word' id='word_1_260' title='bbox 933 3435 1008 3486; x_wconf 84' lang='lat' dir='ltr'><strong>Frsh.</strong></span> <span class='ocrx_word' id='word_1_261' title='bbox 1033 3443 1127 3488; x_wconf 85' lang='lat' dir='ltr'><strong>contra</strong></span> <span class='ocrx_word' id='word_1_262' title='bbox 1145 3435 1182 3485; x_wconf 85' lang='lat' dir='ltr'><strong>Fi.</strong></span> 
     </span>
     <span class='ocr_line' id='line_1_39' title="bbox 191 3498 596 3555; baseline -0.002 -7"><span class='ocrx_word' id='word_1_263' title='bbox 191 3498 265 3549; x_wconf 86' lang='lat' dir='ltr'><strong>Leid.</strong></span> <span class='ocrx_word' id='word_1_264' title='bbox 290 3498 366 3550; x_wconf 83' lang='lat' dir='ltr'><strong>Voss.</strong></span> <span class='ocrx_word' id='word_1_265' title='bbox 388 3513 413 3555; x_wconf 76' lang='lat' dir='ltr'><strong>t.</strong></span> <span class='ocrx_word' id='word_1_266' title='bbox 436 3516 459 3554; x_wconf 84' lang='lat'><strong>2.</strong></span> <span class='ocrx_word' id='word_1_267' title='bbox 478 3512 596 3551; x_wconf 81' lang='lat' dir='ltr'><strong>mortuo.</strong></span> 
     </span>
    </p>
   </div>
   <div class='ocr_carea' id='block_1_7' title="bbox 0 0 1348 3876">
    <p class='ocr_par' dir='ltr' id='par_1_23' title="bbox 0 0 1348 3876">
     <span class='ocr_line' id='line_1_40' title="bbox 0 0 1348 3876; baseline 0 3"><span class='ocrx_word' id='word_1_268' title='bbox 0 0 1348 3876; x_wconf 95' lang='lat' dir='ltr'><strong> </strong></span> 
     </span>
    </p>
   </div>
  </div>
 </body>
</html>
