2686 3876
414 371 460 434 ns
479 371 605 432 ocsus
628 371 730 428 uss.
759 373 832 442 vm,
853 373 919 432 ns„
1123 381 1160 436 ω

153 521 311 582 'vilissimo
337 520 510 605 sanguine?
537 521 664 584 Attalns
696 531 730 582 et
756 521 902 583 Philotas
930 522 964 584 et
987 521 1158 582 l’s‘rmeoio

153 614 189 664 et
209 604 384 680 Lyncestes
406 600 587 663 Alexander
611 613 645 662 et
666 602 785 674 Clitus,
808 614 961 683 quantum
982 601 1022 661 ecl
1049 599 1158 660 hostes

154 682 306 764 pertinet,
329 681 449 756 vivunt,
471 691 554 742 stent
568 682 600 742 in
616 681 695 753 scie,
714 691 748 742 te
769 680 880 762 clipeis
894 683 958 742 suis
971 689 1159 774 protegunt,

154 775 189 827 et
209 782 271 842 pro
294 761 396 842 gloria
416 771 483 836 tuo,
505 781 564 840 pro
580 761 714 824 victoria
737 761 869 822 volnere
891 762 1067 840 scriptum:
1091 758 1159 841 qui·

150 841 214 908 bus
235 852 270 900 tu
290 841 457 922 egregiam
480 841 612 921 gratiam
630 841 781 901 retulisti.
804 840 892 899 Alius
913 857 1053 900 mensem
1072 849 1159 898 tuem
1183 855 1202 908 s

154 921 306 1002 sunguine
330 941 389 981 suo
412 919 559 999 aspersit,
580 919 660 979 nlius
681 941 721 980 ne
745 919 881 999 simplici
904 919 1033 1002 quidem
1055 931 1160 981 morte

153 1001 327 1062 defunctus
353 1011 411 1060 est.
436 1000 545 1059 Duces
566 1001 766 1060 exercituum
779 1011 921 1072 tuorum,
938 999 969 1058 in
986 999 1159 1080 equuleum

154 1081 304 1162 impositi,
326 1078 446 1154 Persis,
468 1098 548 1162 quos
565 1079 717 1156 vicerant,
736 1080 832 1140 i'uero
854 1079 1051 1159 spectaculo.
1083 1079 1159 1138 Per·
1186 1097 1202 1146 s

154 1159 261 1223 monio
283 1159 401 1220 indicto
424 1177 516 1218 cousn
538 1158 715 1220 trucidatus
738 1172 797 1232 est,
818 1179 878 1238 per
900 1177 996 1242 quem
1017 1157 1159 1218 Attalum

151 1241 331 1304 occideres.
381 1237 519 1299 Invicem
553 1238 636 1298 enim
651 1239 855 1301 rmiserorum
888 1237 988 1298 uteris
1017 1236 1160 1296 nianibus
1185 1257 1199 1301 7

150 1319 195 1381 nd
217 1318 395 1400 expetenda
416 1317 587 1398 supplicis,
614 1328 647 1378 et
674 1339 756 1402 quos
785 1318 881 1398 paolo
908 1329 982 1378 ante
1000 1313 1161 1377 ministros

156 1399 262 1460 caedis
278 1397 425 1472 habuisti,
447 1397 554 1458 subito
573 1396 611 1458 eb
626 1398 693 1457 eliis
714 1397 806 1458 iubes
828 1397 1008 1478 trucidari..
1024 1393 1160 1456 Obstre·

151 1489 235 1560 punt
257 1477 390 1538 subinde
411 1477 520 1537 cuncti
541 1477 728 1552 Hermolao,
743 1489 845 1558 peter
868 1497 1051 1559 supremum
1069 1475 1161 1534 strio·

154 1569 246 1622 xerat
274 1557 415 1635 serrum,
450 1575 663 1636 percussurus
694 1556 917 1631 hauddubie,
947 1557 979 1616 ni
1007 1555 1161 1616 inhibitus

155 1649 279 1700 esscts
305 1657 401 1718 rege:
424 1636 545 1717 quippe
566 1636 777 1697 Hermolaum
800 1635 908 1696 dicere
931 1635 1034 1708 iussit,
1055 1635 1162 1716 petiit·

117 1731 119 1734 ’
153 1722 233 1802 que,
257 1729 294 1778 ut
315 1735 425 1777 causas
447 1713 595 1794 supplicii
617 1727 786 1796 sugentem
807 1717 968 1794 patienter
984 1713 1145 1775 rudimento

236 1799 345 1877 Aegre
372 1815 450 1875 ergo
474 1794 643 1868 coercitis,
664 1812 774 1852 rursus
796 1795 1007 1854 Hermolaus:
1055 1796 1202 1883 Quem95

154 1875 343 1949 liberaliter,
367 1874 399 1934 in
424 1873 479 1942 uit,
502 1873 612 1951 pueris
637 1872 771 1932 rudibus
799 1872 838 1931 ed
867 1872 1039 1932 dicendum
1060 1887 1161 1954 'egere

155 1954 332 2038 permittis!
354 1965 386 2014 et
436 1949 610 2010 ollistbenis
631 1973 697 2013 vox
717 1970 847 2018 carcere
868 1951 985 2010 incluse
1006 1963 1065 2022 est,
1088 1951 1161 2034 quio

156 2036 243 2098 solus
265 2043 371 2116 potest
399 2031 519 2115 dicere.
538 2066 540 2072 ·
559 2031 626 2090 Cur
653 2031 736 2091 enim
763 2049 826 2089 non
851 2029 1057 2112 producitur,
1089 2032 1202 2091 contr

83 2133 87 2146 ³
125 2153 126 2156 =
161 2117 256 2176 etiem
278 2111 420 2176 coirfessi
439 2109 634 2171 audiuntur?
655 2129 771 2190 nempe
793 2110 865 2193 quie
890 2109 1024 2170 liberem
1045 2127 1160 2172 rocem

158 2193 335 2256 innocentis
358 2191 470 2253 audire
493 2191 626 2270 metuis,
654 2211 690 2253 so
711 2211 752 2253 ne
776 2191 900 2253 vultum
921 2189 1051 2274 quidem
1071 2201 1160 2274 pste-

158 2435 248 2490 Codd.
263 2437 486 2506 quormquisque
503 2447 554 2504 pro
575 2441 678 2502 qrsotus
692 2429 819 2502 quidem
838 2433 873 2486 cl.
892 2433 1003 2485 Noites.
1022 2429 1085 2484 Lex.
1105 2433 1160 2483 An·

157 2505 206 2556 tib.
226 2523 252 2572 p.
275 2503 400 2568 1144-
428 2507 492 2555 item
518 2509 585 2570 oplt.
613 2496 700 2550 Codd.
719 2517 772 2568 ‘pro
792 2500 1017 2569 e0sun5.bobetrl
1034 2515 1162 2566 u-smtg.‚·

159 2574 194 2640 cl.
213 2575 329 2622 't‘orselb
349 2569 384 2622 de
403 2579 482 2639 portt.
503 2569 545 2623 ed.
558 2567 687 2618 Scbwnrz.
706 2585 728 2618 a.
751 2573 826 2625 1751.
846 2586 873 2636 p·
892 2577 931 2622 ll'.
944 2568 1008 2617 coll.
1024 2564 1160 2634 Goerenr.
1246 2601 1250 2610 .

155 2640 197 2688 ed
217 2639 273 2689 Cic.
294 2637 397 2690 Acsdd.
416 2641 437 2701 l,
455 2657 481 2706 p.
500 2641 543 2691 (in,
563 2633 642 2685 simili
663 2635 744 2685 modo
764 2636 837 2704 apud
856 2635 911 2685 Liv.
934 2633 994 2694 Vll,
1013 2645 1056 2693 ot,
1075 2630 1101 2696 4.
1117 2649 1161 2683 ve·

159 2707 246 2754 riatur
263 2706 332 2754 inter
351 2723 368 2754 o
385 2706 460 2774 plebe
481 2707 540 2763 Cos.
561 2712 587 2754 et
610 2701 712 2770 eplebc
731 2702 791 2752 Cos.
810 2730 844 2744 -
866 2701 899 2750 al.
921 2710 965 2749 sta
983 2701 1012 2748 iu
1029 2701 1093 2748 octe.
1132 2727 1164 2739 -

161 2772 240 2820 Voss.
259 2787 283 2821 n.
303 2781 333 2818 et
349 2789 402 2836 pro
420 2776 499 2833 vict,·
518 2771 589 2821 idem
614 2785 675 2820 cum
699 2769 783 2834 Bnng.
804 2777 831 2820 et
846 2767 964 2817 Theocr.
982 2767 1063 2816 volet.
1091 2768 1164 2818 ecci·

159 2839 249 2910 pient.
272 2867 304 2877 -
321 2838 390 2890 Edd.
411 2841 474 2904 qslsl.
494 2841 564 2888 mele
582 2838 668 2887 omitt.
689 2847 719 2884 tu
738 2843 799 2902 post
819 2831 930 2905 quibus,

229 2905 256 2972 5)
276 2907 305 2958 P.
325 2905 518 3018 transpffne
539 2915 633 2972 spect„
655 2905 801 2970 quosvis.
848 2957 854 2964 ,

229 2973 256 3040 8)
277 2974 317 3021 Fl.
337 2973 411 3023 Leisl.
457 2990 508 3024 oss.
527 2981 549 3026 1.
568 2973 602 3020 el.
623 2971 756 3018 coercitus
777 2971 976 3035 innormsing,
995 2971 1068 3040 quod
1087 2976 1165 3026 unia
1210 3020 1212 3022 ,

161 3058 254 3095 serum
274 3037 490 3109 putonmniboe
509 3035 734 3090 terriculamentis
745 3037 857 3108 ipseque
876 3040 900 3087 vl
913 3046 992 3106 poter
1005 3041 1101 3097 altimo-
1119 3060 1163 3090 oo.

159 3104 818 3243 ttltttl‘ltttittllttl‘tltttttt
831 3108 1112 3230 {ttttlltlst‘t
1129 3113 1164 3164 ‘¹’

161 3263 213 3315 pro
232 3257 269 3296 at
290 3241 416 3294 Collr'stlt.
439 3245 479 3294 Fl.
504 3239 579 3296 Leid.
598 3208 676 3292 tioss.
699 3241 886 3294 1.·cumEdd.
906 3249 969 3292 vett.
989 3197 1116 3298 exhibitis
1133 3259 1166 3298 et

164 3313 310 3374 Collt'stlt„
331 3310 565 3380 quod,'qunmvis
591 3317 734 3376 utromque
756 3312 879 3362 voculam
912 3309 1104 3380 saepissimes
1132 3316 1166 3364 ti.

162 3381 258 3432 brutiis
278 3379 407 3432 conlundi
426 3395 481 3430 non
499 3380 626 3438 nesciam,
644 3386 734 3430 tamen
757 3395 812 3430 nou
839 3379 972 3441 relictam
999 3379 1082 3448 epud‘
1097 3389 1166 3452 opst.

163 3451 235 3505 enim
253 3451 401 3517 scriptores
419 3459 445 3499 et
464 3447 627 3519 opponentis
647 3455 695 3514 est,
712 3455 738 3500 et
757 3449 867 3516 ponitur
885 3461 937 3516 pro
957 3442 1022 3508 ssd,·
1040 3447 1076 3500 cf.
1089 3449 1166 3504 (ἧος.

917 3537 980 3593 6,.
