2686 3876
407 411 472 462 »ΒΕ
490 408 616 464 ocsus
628 408 741 463 'ntfixr
757 408 818 468 Vll·
835 415 862 466 5.
1135 419 1153 470 9

151 558 232 622 turis
255 557 437 626 distribuet.
477 559 553 619 Hoc
580 557 663 618 enim
694 557 850 617 malorum
877 569 1009 619 rentum
1032 555 1097 636 eal,
1117 569 1154 622 ut
1194 613 1197 620 .

151 640 347 780 perbahmea
369 639 483 706 eodem
502 649 660 746 tempore,
678 647 711 695 et
730 636 911 700 Alexandro
933 633 1108 716 excusem,
1120 653 1156 702 et

182 732 430 862 nuqtaqqrcule
451 809 554 858 mator
578 797 618 858 de
646 795 740 856 nobis
768 794 900 857 inimicis
928 797 991 858 tuis
1015 797 1195 880 scripsitlsc

152 879 279 940 Utinam
299 878 488 962 prudentius
501 891 586 938 essct
606 876 741 936 sollicita
761 895 822 956 pro
845 877 926 946 filio,
951 890 985 938 et
1004 897 1066 940 non
1091 883 1156 941 ins·
1183 897 1195 910 ’·

152 979 209 1020 nes
231 981 362 1044 quoque
384 958 508 1042 species
529 958 619 1018 anxio
639 957 741 1018 animo
756 959 930 1048 figuraret,
945 959 1055 1047 Quare
1072 962 1155 1022 enim

49 1049 52 1062 '
153 1039 391 1102 nonadscribit
412 1049 516 1098 metus
544 1039 594 1098 sui
620 1035 766 1098 causam?
795 1036 933 1119 denique
957 1057 1024 1098 non
1049 1053 1159 1102 osten.

154 1119 201 1180 dit
229 1116 416 1180 auctorem?
458 1117 532 1194 Quo
564 1117 652 1178 lacto
685 1117 811 1178 dictove
841 1128 953 1178 nostro
981 1130 1066 1176 mota
1091 1133 1155 1182 tam

153 1200 296 1280 trepidas
318 1197 375 1258 tibi
398 1198 517 1258 litteras
537 1197 690 1279 scripsit?
722 1199 752 1259 Ο
775 1199 923 1258 miseram
943 1195 1195 1264 conditionemsr

123 1349 127 1356 ,
153 1295 268 1353 meam,
289 1277 362 1360 quia
381 1277 516 1340 forsitan
535 1299 598 1340 non
618 1278 832 1359 periculosius
853 1290 902 1338 ost
919 1289 1041 1347 tacere,
1063 1297 1157 1360 qnam
1185 1285 1195 1298 ⁴

157 1359 282 1420 dicere!
305 1358 370 1419 Sed
384 1369 480 1420 utcun
507 1378 548 1418 uo
570 1377 699 1418 cessura
720 1379 772 1418 res
795 1371 854 1436 est,
875 1359 958 1419 malo
974 1357 1034 1417 tihi
1047 1357 1158 1422 defen-¹

156 1439 279 1498 sionem
300 1460 401 1499 meam
423 1379 604 1519 dispbcere,
626 1459 720 1521 quam
737 1457 871 1499 causam.
918 1441 1083 1522 Agnosces
1104 1453 1158 1502 au³

156 1529 221 1582 tem
244 1541 326 1602 qnae
348 1519 492 1580 dicturus
518 1539 604 1596 sum;
633 1518 753 1600 quippo
782 1520 971 1595 meministi,
1004 1539 1074 1580 cum
1105 1545 1158 1584 mo
1210 1583 1214 1592 ,

156 1599 196 1660 ad
215 1599 439 1680 perducendos
461 1619 501 1658 cx
520 1598 707 1658 Macedonia
728 1597 844 1660 milites
866 1600 1021 1672 mitteres,
1042 1602 1158 1664 dixisse

155 1691 199 1756 tc,
221 1682 339 1740 multos
363 1682 506 1760 integros
533 1679 664 1737 iuvenes
692 1679 723 1738 in
746 1679 842 1739 domo
863 1691 938 1740 tuae
957 1683 1066 1741 matris
1089 1681 1159 1744 abs·
1245 1718 1248 1730 ι
1318 1667 1322 1674 ’

157 1760 261 1824 condi.
304 1759 505 1840 Praecepisti
532 1758 631 1836 igitur
662 1758 758 1832 mibi,
787 1778 827 1818 nc
856 1759 952 1840 quem
978 1775 1110 1840 praeter
1129 1776 1197 1826 teau

156 1839 310 1912 intuerer,
332 1839 390 1898 sed
411 1837 629 1896 detrectantes
653 1837 794 1896 militiam
814 1839 1029 1917 perducerem
1052 1843 1091 1901 ad
1113 1855 1155 1909 tc.
1187 1851 1192 1888 ''-

158 1916 257 2002 Quod
281 1919 430 2000 equidem
456 1915 531 1990 l'eci,
554 1927 587 1974 et
608 1915 756 1992 liberius,
777 1937 871 1998 quam
891 1917 1159 1998 expectabunt

159 2000 206 2069 hi,
228 2009 396 2058 exsecutus
413 2005 585 2056 sumtuum
603 1994 782 2074 imperium.
803 1995 968 2077 Gorgiam,
984 1999 1160 2062 Hecateum
1180 2007 1192 2030 ·“

101 2095 106 2099 ·
159 2092 193 2144 et
214 2078 385 2160 Gorgatan,
407 2096 546 2172 quorum
567 2078 651 2135 bona
673 2095 772 2157 opera
794 2076 903 2152 uteris,
925 2065 998 2136 inde
1013 2079 1160 2160 perduxi.

159 2159 245 2250 Quid
266 2158 363 2241 igitur
386 2156 523 2240 iniquius
546 2167 610 2233 est,
639 2177 733 2238 quam
753 2177 822 2234 me,
853 2157 924 2240 qui,
954 2157 981 2216 si
1006 2159 1065 2220 tibi
1095 2161 1201 2223 'nones

157 2240 351 2323 paruissem,
372 2238 443 2298 iure
466 2236 598 2296 daturus
619 2236 668 2297 sui
688 2256 826 2318 poenas,
853 2257 935 2298 nunc
956 2239 1067 2319 perire
1088 2242 1162 2324 quia

158 2317 274 2404 parui?
312 2321 426 2402 Neque
454 2316 538 2376 enim
562 2318 625 2378 ulla
654 2317 713 2382 alia
735 2318 829 2378 matri
849 2330 923 2378 tuae
945 2321 1162 2404 persequendi

159 2422 217 2464 nos
244 2419 337 2460 causa
366 2411 433 2476 est,
464 2417 560 2478 quam
587 2397 676 2537 quod
703 2397 871 2460 utilitatem
898 2410 985 2458 tuam
1012 2401 1163 2462 muliebri

159 2479 403 2562 praeposuimus
425 2475 557 2561 gratiae.
618 2497 657 2537 ex
678 2477 762 2537 milia
786 2478 996 2539 Macedonum
1017 2475 1201 2561 peditumt'o

160 2573 194 2622 ct
213 2561 271 2622 Ite
294 2559 416 2641 equites
443 2555 577 2633 adduxi,
599 2577 739 2639 quorum
758 2579 833 2639 pars
856 2571 1005 2620 secutura
1028 2581 1164 2621 menon
1274 2629 1282 2642 s

161 2651 250 2714 erat,
287 2639 312 2699 si
338 2639 480 2700 militiam
513 2636 763 2698 detrectantibus
785 2639 954 2722 indulgere
979 2640 1183 2700 voluissem·

163 2717 316 2797 Sequitur
343 2739 441 2800 ergo,
475 2730 528 2795 ut,
552 2717 635 2811 ,quia
669 2717 723 2776 illa
759 2731 896 2800 propter
929 2717 1010 2776 banc
1041 2737 1165 2780 callatim

163 2796 308 2934 ἰτὲεοῗξιις
331 2799 439 2873 nobis,
460 2810 497 2858 tu
517 2809 643 2879 mitiges
665 2806 818 2874 matrem,
846 2798 902 2878 qui
928 2795 995 2856 irae
1017 2797 1092 2859 eius
1106 2818 1164 2862 nos

165 2897 185 2938 ο
210 2885 319 2939 ruisti.

176 3012 363 3028 μ’..

217 3100 261 3168 35)
280 3101 358 3152 Voss.
374 3107 398 3157 2.
422 3109 522 3170 transp.
542 3101 629 3154 verda
648 3119 707 3152 mea
724 3109 756 3150 ut
773 3116 794 3151 e.
815 3110 835 3149 t.
856 3118 912 3154 erc.
934 3103 1010 3159 Δίων.

214 3172 259 3228 36)
278 3171 355 3236 vulgo
375 3169 448 3220 ribi
465 3171 587 3240 scripsit.
599 3183 636 3221 ⁰-
660 3171 760 3220 literas
778 3167 827 3220 ubi
843 3179 909 3219 mut.
927 3173 987 3222 ord.
1007 3173 1084 3228 Voss.
1104 3180 1130 3229 2.

214 3239 260 3304 37)
278 3239 353 3293 Frsb.
375 3243 435 3308 qui
440 3237 543 3308 forsit.
564 3267 596 3276 -
618 3255 788 3310 qrsocmnquc
805 3253 918 3288 cessura
936 3241 1013 3292 Voss.
1037 3249 1061 3296 2.

216 3307 261 3376 dd)
278 3306 353 3356 Frsb.
378 3317 481 3376 transp.
510 3318 606 3368 contra
637 3308 714 3358 Leid.
746 3309 823 3358 Voss.
851 3313 879 3362 2.
910 3309 1054 3377 inrpcrr'um
1080 3319 1165 3368 turam,

164 3377 244 3427 Voss.
265 3375 351 3424 omitt.
371 3387 456 3432 tuum.

216 3446 261 3508 39)
282 3442 356 3493 Voss·
376 3461 401 3498 r.
419 3447 516 3497 iterum
535 3453 638 3512 transp.
658 3441 716 3494 olio
734 3444 817 3506 npnerr'
835 3443 901 3494 ullu.
916 3467 949 3480 -
970 3445 999 3492 Ρ.
1019 3451 1084 3499 mut.
1106 3444 1165 3495 ord.

165 3508 351 3580 persequendi
367 3532 418 3564 nos
435 3525 499 3565 ruat.
520 3525 538 3564 t.
940 3537 942 3546 ’
1146 3507 1150 3516 “
