2686 3876
419 365 467 420 us
488 367 611 422 ossus
635 365 738 422 unx.
757 369 831 436 vm,
854 387 893 438 ις.
1113 380 1146 434 75

48 518 50 530 '
147 516 248 592 latur,
268 513 300 576 in
322 513 473 578 ditionem
493 517 573 580 rede
607 529 629 580 t.
678 517 800 600 ltaque,
822 515 968 580 omnibus
990 519 1187 602 composi-a

147 596 199 671 tis,
223 615 261 658 co
285 596 432 672 itationes
457 598 488 658 in
521 537 642 660 belllm
662 595 803 658 Indicum
826 597 931 660 vertit.
973 599 1073 660 Dives
1094 619 1146 660 re·
1174 625 1176 632 ’

142 676 199 759 gio
231 617 411 739 halebatur
437 699 501 739 non
531 698 610 738 auro
640 676 737 737 modo
766 675 823 738 sed
855 679 988 760 gemmis
1015 699 1145 763 quoque

146 756 415 842 margaritisque,
446 758 485 818 ad
514 759 623 818 luxum
644 756 742 840 magis
770 779 864 840 quam
885 758 925 818 sd
945 756 1145 842 magnificen-

82 839 83 843 ’
146 839 223 900 tiam
246 839 365 898 exulta.
409 839 511 899 Periti
539 838 690 898 militares
720 858 798 899 auro
828 849 862 898 ct
888 838 988 900 ebore
1015 840 1184 921 l'ulgcrea

144 918 315 994 dicebanta
332 919 450 1003 itaque,
473 919 589 979 necubi
609 918 805 993 vinceretur,
826 937 898 978 cum
914 919 1029 980 ceteris
1053 941 1145 1001 prae-

148 1010 261 1076 staret,
282 999 379 1070 scutis
401 1012 568 1081 argenteas
589 998 732 1072 laminas,
766 999 860 1080 ,equis
889 997 1000 1060 lienus
1028 1019 1145 1062 aurcos

144 1078 276 1155 addidit,
297 1079 413 1140 loricas
458 1099 567 1162 uoque
588 1078 663 1139 alias
677 1075 766 1138 'auro
790 1077 865 1140 alias
892 1091 1025 1162 argento
1053 1079 1146 1141 ador-

88 1174 106 1240 ᾗ
138 1159 242 1234 ,navit
289 1161 374 1220 CXX
394 1100 479 1231 milia
501 1171 695 1220 armatorum
720 1171 830 1232 erant,
860 1179 943 1243 quae
968 1179 1079 1241 regem
1104 1159 1144 1220 ad

145 1239 179 1299 id
200 1239 321 1312 bellum
343 1238 571 1323 sequebantur.
613 1243 742 1321 Iamque
763 1239 907 1301 omuibus
935 1241 1143 1321 praeparatis,
1167 1261 1182 1308 5

138 1319 233 1403 quod
258 1320 334 1382 olim
355 1332 455 1402 prava
482 1333 589 1382 mente
620 1332 829 1400 conceperat,
850 1331 925 1384 tunc
950 1340 1020 1383 esse
1043 1329 1144 1378 matu·

138 1421 217 1470 ,rum
239 1412 347 1478 ratus,
378 1409 516 1485 quonam
543 1399 640 1463 modo
665 1401 822 1460 coelestes
848 1399 990 1464 honoros
1011 1419 1144 1480 usurpa·

142 1491 206 1554 ret,
228 1481 336 1560 coepit
363 1481 492 1564 agitare.
532 1481 616 1544 lovis
646 1478 745 1540 filium
777 1501 840 1542 non
871 1481 934 1544 dici
960 1492 1082 1542 tantum
1109 1499 1144 1542 se

143 1559 201 1620 sed
223 1560 317 1622 etiam
339 1561 429 1622 credi
449 1561 597 1637 volebat,
624 1573 773 1643 tanquam
799 1560 935 1642 perinde
956 1562 1064 1636 animis
1086 1559 1142 1620 im·

143 1659 259 1720 perare
280 1652 389 1721 posset
411 1661 446 1702 ac
471 1641 596 1722 linguis.
632 1643 743 1723 ltaque
769 1657 860 1702 more
886 1644 1057 1716 Persarum
1078 1641 1142 1702 Ma·
1166 1663 1183 1710 s

144 1720 283 1782 cedonas
314 1721 557 1782 venerabundos
591 1721 695 1801 ipsum
727 1720 866 1782 salutare
900 1732 1142 1814 prosternentes

143 1798 232 1860 humi
258 1820 408 1881 corpora.
452 1803 522 1876 Non
548 1800 661 1861 deerat
681 1799 754 1860 talia
779 1803 1016 1882 concup1scenti
1036 1801 1142 1881 perni-

144 1880 229 1940 ciosa
245 1879 396 1956 adulatio,
416 1891 608 1961 perpetuum
628 1879 744 1938 malum
758 1898 881 1961 regum,
925 1903 1040 1942 uorum
1064 1899 1143 1960 opes

142 1963 268 2043 saepius
290 1961 458 2022 assentatio
506 1981 579 2020 uam
608 1957 710 2026 hostis
738 1960 865 2022 evertit.
936 1981 973 2022 ec
993 1959 1181 2034 Macedo-7

53 2075 59 2088 »
142 2063 219 2102 num
241 2042 323 2102 haec
351 2053 421 2101 erat
449 1982 559 2122 culpa,
596 2059 691 2100 nemo
721 2037 802 2098 enim
823 2039 951 2102 illorum
972 2041 1143 2124 quicquam

143 2141 186 2182 ex
206 2122 310 2262 patrio
334 2142 425 2182 more
446 2122 554 2182 labare
576 2119 743 2195 sustinuit,
768 2121 825 2181 sed
846 2121 1065 2198 Graecorum,
1086 2119 1142 2202 qui

90 2225 94 2236 ⁸
143 2222 204 2283 pro
220 2203 379 2264 'essionem
413 2201 618 2274 honestarum
656 2201 769 2260 artium
803 2201 892 2262 malis
930 2210 1142 2284 corruperant

142 2283 293 2344 moribus.
320 2281 398 2420 Apis
420 2283 547 2366 quidam
566 2281 713 2364 Argivus,
733 2281 945 2362 pessimorum
967 2281 1141 2346 carminum
1162 2305 1178 2352 a

166 2373 216 2422 ost
240 2362 425 2425 Choertum
450 2363 615 2438 conditor,
644 2373 677 2422 et
698 2382 736 2422 ex
758 2362 866 2424 Sicilia
886 2363 976 2438 Cleo,
999 2363 1052 2424 hic
1093 2361 1139 2422 ui-

142 2381 216 2502 dem
236 2464 299 2504 non
321 2441 437 2525 ingenii
463 2445 567 2505 solum
593 2443 651 2503 sed
675 2443 768 2516 etiam
798 2444 931 2504 nationis
955 2445 1034 2506 vitio
1063 2465 1079 2502 a
1104 2463 1139 2501 u·

141 2523 236 2598 lator,
258 2535 291 2585 et
311 2536 419 2584 cetera
434 2525 562 2586 urbium
576 2543 704 2584 suarum
724 2536 943 2606 purgamenta,
964 2543 1045 2605 quae
1065 2541 1141 2603 pro-

127 2601 268 2682 'pinquis
297 2603 391 2664 etiam
423 2606 697 2685 maximorumque
733 2603 928 2663 exercituum
958 2601 1092 2663 ducibus
1122 2621 1141 2662 a

144 2698 221 2759 rege
244 2683 531 2765 praeferebantur,
564 2681 598 2743 hi
628 2695 698 2744 tum
725 2683 851 2744 coelum
877 2681 925 2741 illi
945 2680 1140 2764 aperiebant,

151 2827 341 2843 Μ

208 2935 237 3003 3)
257 2937 328 2989 idem
347 2946 488 2996 convertit.

185 3031 188 3038 v
208 3004 235 3073 4)
254 3021 305 3075 pro
321 3010 406 3076 periti
421 3013 496 3064 Frsh.
512 3031 573 3066 cum
589 3017 659 3083 vulg.
673 3015 772 3085 clypei,
787 3013 860 3082 quod
875 3023 913 3066 est
924 3031 955 3066 ex
970 3014 1040 3070 coni.
1050 3016 1135 3070 Modti

143 3081 169 3124 et
188 3077 347 3194 auctppiltate
366 3077 452 3132 codd.
471 3081 633 3135 destituitur.
660 3111 694 3124 ·-
723 3084 793 3135 idem
811 3083 978 3139 ds'celroutur.
1011 3115 1044 3126 —
1076 3089 1138 3156 qui

142 3159 230 3210 regem
273 3161 308 3196 a.
331 3163 352 3195 ι.
990 3158 994 3162 ’
1120 3197 1122 3206 ,

143 3280 147 3289 Ι
190 3211 216 3280 5)
236 3204 345 3263 verbum
365 3227 456 3278 ratus,
475 3219 508 3268 ab
531 3219 588 3270 aliis
608 3222 743 3284 omissum,
762 3224 842 3272 etiam
861 3237 876 3270 a
896 3223 1045 3286 Frslrcmio,
1065 3231 1135 3274 extat

142 3296 167 3328 an
186 3280 254 3330 Co'd.
267 3277 391 3335 *lacoon
412 3315 444 3326 —
463 3288 539 3340 Voss.
562 3304 586 3342 a.
606 3292 692 3340 omitt.
710 3301 816 3340 tantiam
834 3308 869 3350 se.
1070 3307 1072 3313 “
1094 3337 1100 3351 ,

208 3348 236 3416 6)
256 3349 285 3399 P.
302 3353 452 3404 salutantes
466 3365 651 3424 prosternere.
670 3389 702 3399 —
722 3359 798 3412 Voss.
818 3375 842 3408 a.
864 3362 950 3410 otnitt.
970 3361 1132 3410 usseratutt'n.

132 3482 161 3546 f
199 3417 236 3533 b8)
257 3421 320 3486 qui
329 3424 464 3494 propinq.
483 3426 539 3476 Pal.
560 3443 581 3482 ι.
593 3454 623 3467 —·
643 3445 693 3498 pro
710 3427 939 3498 praeferebantur
955 3425 1044 3481 codd.
1064 3437 1131 3498 optt.

155 3501 197 3533 cre
215 3498 309 3538 antur.
354 3535 357 3542 ,
