2686 3876
185 351 221 404 os
547 345 581 412 Q.
601 343 718 397 curru
738 343 819 396 auri
867 423 871 428 Ι
912 339 919 362 ·

187 513 283 558 venes
310 491 452 556 comitari
479 510 551 552 eum
579 493 666 556 soliti
691 493 875 556 defecerant
901 492 1180 576 praeterl’hilip·

189 596 274 657 pum,
318 570 495 654 Lysimachi
517 583 586 633 erat
603 574 716 648 stater,
737 586 804 634 tum
818 575 956 656 primum
977 573 1113 649 adultus,
1135 585 1180 651 et,

150 654 278 797 eoquod
298 653 393 715 facile
413 665 592 732 appareret,
614 654 728 715 indolis
753 675 853 715 rarae.
896 657 924 716 Is
945 649 1057 736 pedes,
1077 653 1181 714 incre·

212 735 286 796 ibile
307 734 410 805 dictu,
445 752 506 813 per
534 735 564 792 D
593 735 693 796 stadia
721 747 850 796 vectum
875 755 986 817 regem
1014 734 1182 796 comitatus

189 827 248 891 est,
269 834 502 902 saepeuequnm
524 834 615 874 suum
636 814 795 906 oll'epente
815 813 1018 894 Lysimacho,
1052 826 1182 876 necta-

128 935 132 948 ·
189 916 261 957 men
281 907 317 954 ut
337 893 562 976 digrederetur
583 917 600 954 a
620 916 656 955 re
680 916 698 956 e
727 892 813 956 ellici
831 896 954 975 potuit,
981 913 1054 954 cum
1080 893 1183 958 lorica

154 976 315 1036 stindutus
336 996 420 1034 arma
449 985 599 1056 gestaret.
639 916 746 1052 Idem,
780 995 853 1035 eum
879 987 1069 1056 perventum
1096 985 1184 1034 esset

189 1056 221 1116 in
242 1055 366 1130 saltum,
389 1053 506 1136 inquo
529 1074 563 1114 se
588 1055 717 1116 barbari
736 1054 932 1131 abdiderant,
955 1055 1095 1116 nobilem
1116 1052 1184 1114 edi-

190 1136 237 1197 dit
257 1157 405 1230 pugnam,
425 1155 600 1218 regemque
621 1136 762 1196 cominus
784 1154 856 1194 cnm
869 1134 962 1196 hoste
984 1135 1184 1194 dimicantem

154 1224 341 1300 taprotexxt.
382 1214 446 1275 Sed
470 1226 638 1296 postquam
664 1215 792 1276 barbari
820 1215 852 1274 in
874 1215 983 1298 fugam
1012 1214 1106 1276 ellusi
1127 1212 1187 1272 de*

191 1303 324 1359 seruere
346 1295 449 1363 silvas,
471 1294 609 1371 animus,
662 1296 694 1355 ui
720 1296 753 1355 in
780 1295 897 1355 ardore
918 1315 1043 1377 pugnae
1065 1308 1187 1374 corpus

192 1387 440 1450 sustentaverat,
470 1374 580 1457 liquit3
609 1395 623 1434 s
670 1375 791 1459 itoque'
810 1395 849 1438 ex
870 1375 1013 1436 omnibus
1032 1373 1187 1435 membris

216 1457 327 1519 rol'uso
349 1455 485 1528 sudore,
512 1455 634 1516 arboris
662 1456 825 1536 proximae
845 1455 945 1535 stipiti
965 1475 999 1515 se
1021 1455 1186 1536 applicuit.

159 1543 190 1591 ³9
225 1537 317 1598 einde
338 1556 378 1596 ne
399 1535 455 1597 illo
474 1536 602 1618 quidem
624 1535 813 1596 adminiculo
835 1535 1019 1609 sustinente,
1041 1534 1188 1594 manibus

194 1617 279 1698 regis
307 1627 458 1698 exceptus
479 1619 548 1684 est,
569 1616 651 1676 inter
703 1637 756 1676 uas
782 1615 941 1697 collapsus
965 1615 1187 1698 exstinguitur.

162 1699 349 1758 t⁰ldaestum
369 1717 480 1778 regem
508 1697 586 1757 alius
609 1639 700 1757 haud¹
721 1697 801 1758 levis
825 1695 920 1758 dolor
940 1695 1075 1776 excepit.
1115 1694 1187 1752 Eri·

195 1778 283 1860 gyius
304 1777 387 1838 inter
408 1778 511 1839 claros
528 1778 625 1839 duces
641 1778 765 1853 l'uerat3
790 1797 886 1862 quem
902 1775 1091 1836 exstinctum
1105 1793 1187 1847 esso,

195 1859 290 1940 paulo
305 1869 470 1942 antequam
486 1870 707 1919 reverteretur
720 1857 751 1918 in
768 1870 869 1919 castra
883 1855 1042 1937 cognorit.
1062 1854 1203 1914 Utrius·-

197 1959 261 2022 que
282 1939 376 1999 l'unus
399 1939 483 1998 omni
495 1951 646 2020 apparatu
667 1951 763 2021 atque
778 1938 902 2000 honore
917 1935 1113 1997 celebratum
1127 1941 1187 1996 est.

161 2016 192 2073 ll
259 2018 365 2080 Dahas
396 2019 510 2080 deinde
540 2031 693 2079 statuerat
718 2031 849 2099 petere:
904 2016 949 2077 ibi
979 2033 1114 2097 namque

197 2100 409 2183 Spitamenem
431 2119 500 2159 esse
529 2110 735 2179 cognoverat.
785 2099 848 2158 Sed
874 2097 955 2157 hanc
985 2113 1114 2178 quoque
1135 2087 1185 2130 ¹¹¹·
1240 2135 1244 2141 -

198 2179 441 2261 expeditionem,
462 2191 498 2238 ut
518 2177 671 2260 pleraque
693 2177 767 2252 alia,
793 2177 922 2238 fortuna
942 2173 1135 2256 indulgendo
1157 2174 1189 2235 ei

117 2255 120 2262 ’
198 2279 355 2340 nunquam
377 2255 522 2338 i'atigata,
544 2278 604 2338 pro
626 2257 756 2316 absente
781 2258 946 2340 transegit.
990 2255 1189 2336 Spitamenes

198 2339 306 2401 uxoris
326 2336 495 2398 immodico
518 2357 626 2397 amore
648 2335 818 2418 flagrabat3
840 2359 943 2432 quam,
965 2356 1060 2417 aegre
1079 2335 1189 2418 fugam

200 2430 235 2480 et
254 2438 336 2480 nova
359 2415 493 2477 subinde
515 2417 608 2478 exilia
628 2417 829 2492 tolerantem,
848 2440 880 2478 ιιι
905 2437 998 2480 omne
1020 2415 1189 2476 discrimen

160 2499 347 2560 acomitem
372 2495 527 2561 trahebat.
569 2496 625 2556 llla
652 2497 741 2556 malis
768 2495 824 2558 lati
849 2509 899 2558 ata
925 2497 1097 2558 identidem
1121 2516 1190 2554 mu-

198 2579 316 2640 liebres
338 2575 491 2637 adhibere
511 2575 692 2646 blanditias,
719 2588 756 2637 ut
774 2518 902 2638 tandem
921 2577 1031 2660 fugam
1052 2576 1189 2650 sisteret,

202 2659 395 2732 victorisque
421 2654 592 2718 Alexandri
622 2657 819 2718 elementiam
848 2669 1018 2739 expertus,
1048 2656 1191 2737 placaret

165 2757 297 2824 aquom
318 2739 463 2818 effugere
487 2760 549 2800 non
576 2747 696 2818 posset.
743 2740 824 2798 Tres
851 2737 949 2798 adulti
976 2748 1067 2798 erant
1095 2734 1190 2795 liberi

201 2839 302 2881 exeo
328 2817 442 2902 geniti:
465 2839 545 2902 quos
567 2837 638 2878 oum
655 2818 784 2898 'pectori
803 2817 901 2898 patris
922 2816 1132 2888 admovisset,
1152 2825 1190 2874 ut

201 2898 313 2961 saltem
333 2919 446 2962 eorum
465 2898 611 2960 misereri
638 2898 752 2976 vellet,
773 2897 905 2978 orabat3
931 2910 964 2960 et
992 2916 1057 2980 quo
1082 2892 1191 2956 effica-

202 2978 307 3074 ciores
337 2990 443 3042 essent
471 2999 604 3060 preces,
643 2976 730 3040 haud
754 2979 869 3060 procul
906 2989 976 3041 erat
1001 2975 1190 3039 Alexander.

211 3113 392 3130 „—

203 3207 305 3261 —pro
327 3201 353 3241 et
374 3191 547 3265 quodsucile
565 3195 642 3246 Voss.
658 3210 683 3244 a.
702 3193 818 3247 Theocr.
838 3205 869 3246 ut
882 3191 976 3262 focile.

255 3261 303 3324 38)
320 3261 349 3311 Ρ.
367 3269 467 3331 transp.
485 3274 601 3314 crustant.
620 3279 731 3331 eorpus.

256 3327 302 3396 io)
325 3329 402 3385 Voss.
418 3347 442 3381 u.
462 3334 547 3383 omitt.
566 3349 643 3402 qrtem
660 3338 721 3381 ante
739 3331 911 3381 exstinctum.
979 3389 981 3394 Ι

272 3397 300 3466 a)
320 3398 350 3452 P.
368 3407 467 3468 transp.
487 3400 626 3452 immodico
653 3399 758 3450 uxoris.
790 3429 822 3437 -
857 3405 923 3465 optt.
943 3394 1029 3446 Codd.
1048 3413 1109 3450 cum
1124 3393 1193 3448 Edd.
1226 3397 1230 3406 ’

206 3475 269 3520 vett.
288 3481 398 3534 aegram
408 3471 494 3538 juga.
514 3497 546 3509 -
563 3471 640 3522 Voss.
660 3482 685 3515 2.
704 3468 734 3516 in
750 3467 825 3516 omni
840 3466 1002 3516 discrimine.
