2688 3872
408 405 811 487 necessust-„enno
914 427 918 438 ⁴
1013 431 1117 483 vias

122 562 279 650 quondam
291 583 379 658 rege
399 563 688 648 Persarum;·opes
707 579 772 628 eta
794 569 965 632 maioribus
986 570 1117 634 traditas

121 643 268 721 habebat,
293 655 416 723 etipse
440 644 535 726 longa
560 645 685 730 imperii
713 649 915 732 possessione
936 653 1116 713 cumulave-

120 739 179 790 rat.
225 727 253 784 ls
280 724 351 805 regi
375 743 446 782 cum
468 726 569 786 omnis
594 727 720 822 generis
742 728 852 804 donis,
879 749 942 789 non
969 732 1028 812 ipsi
1050 754 1154 796 nto-et

120 806 162 868 do
185 805 300 866 cased
326 803 419 863 otiam
440 805 546 866 amieis
575 828 641 870 erus
667 807 808 884 daturus,
830 809 982 870 occurrit.
1009 813 1117 895 Equo-

3 937 4 986 q
48 901 59 966 ζ
122 909 194 948 rum
215 883 326 945 domiti
350 885 466 977 greges
491 889 715 970 sequebantur,
738 909 915 972 currusque
937 904 1068 976 argento
1087 905 1118 954 et

122 964 388 1045 aurofadornatt,
412 966 553 1046 pretiosa
575 968 739 1049 supellex,
761 981 793 1028 ct
817 970 938 1031 nobiles
964 991 1118 1051 gemmae,

122 1067 220 1109 aurea
243 1044 349 1127 magni
377 1045 528 1139 ponderis
549 1070 639 1122 vasa,
673 1061 1065 1132 vestesque-purpureae,
1086 1065 1118 1112 et

121 1125 237 1210 signati
270 1137 393 1208 argenti
424 1125 576 1188 talentum
603 1129 661 1188 tria
691 1130 784 1189 milia.
845 1134 996 1190 (luterum
1034 1141 1156 1202 tarataaf,

51 1237 55 1243 ·
121 1205 302 1289 benignitas
322 1206 461 1268 barbaro
483 1227 576 1268 eausa
598 1209 709 1270 mortis
737 1211 808 1270 l'urt.
849 1213 926 1269 Nam
955 1231 1026 1270 cum
1055 1232 1120 1270 orn-

124 1309 182 1348 nes
203 1285 320 1347 amicos
342 1287 429 1369 regis
451 1287 542 1348 donis
571 1309 667 1371 super
694 1291 835 1372 ipsorum
866 1302 939 1350 vota
961 1290 1120 1367 coluisset,

124 1373 253 1450 Bagoae
282 1365 433 1448 spadoni,
462 1369 517 1508 qui
544 1369 759 1430 Alexandrum
789 1371 947 1454 obsequio
974 1371 1120 1452 corporis

125 1448 312 1510 devinxerat
332 1446 407 1524 sibi,
427 1450 548 1510 nulum
574 1448 729 1512 honorem
758 1451 879 1512 babuit.
922 1451 1158 1520 Admonitus-ae

125 1549 227 1613 quea
255 1525 461 1611 quibusdam,
492 1551 587 1612 quam
613 1531 795 1592 Alexandro
825 1531 916 1594 cordi
946 1543 1048 1610 esset,
1069 1554 1120 1593 re..

125 1608 273 1692 spondit,
315 1607 432 1668 amicos
453 1609 558 1690 regis,
597 1632 659 1672 non
682 1622 805 1686 scorta,
846 1633 881 1672 se
903 1611 1030 1687 colere,
1061 1632 1121 1674 nec

125 1690 226 1752 moris
247 1707 317 1749 esse
339 1687 458 1761 Persis,
479 1709 582 1750 mares
603 1689 733 1764 ducere,
755 1689 811 1772 qui
831 1704 881 1751 stu
906 1713 944 1758 ro
960 1692 1121 1760 eii'emina-

49 1823 52 1830 .
126 1783 250 1833 rentur.
293 1766 352 1828 His
379 1768 493 1828 auditis
521 1769 621 1850 spado
642 1771 836 1852 potentiam,
873 1711 994 1852 tlagitio,
1016 1784 1049 1832 et
1069 1772 1162 1833 ‹le-27

72 1876 75 1884 ’
127 1853 247 1914 decore
284 1847 476 1932 quaesitam,
512 1849 543 1908 in
578 1862 675 1930 eaput
709 1850 896 1909 nobilissimi
926 1862 959 1910 et
992 1851 1123 1916 insontis

126 1929 289 1993 exercuit·
332 1931 477 2012 Namque
513 1929 614 2010 gentis
651 1929 794 1992 eiusdem
827 1930 1011 1996 levissimos.
1036 1930 1122 1992 falsis

126 2011 311 2074 criminibus
334 2008 501 2086 adstruxit,
525 2010 662 2072 monitos
682 2021 749 2069 tum
771 2009 899 2069 demum
922 2030 959 2068 ea
981 2009 1124 2086 del'erre,

118 2113 199 2164 ,euin
221 2091 289 2172 ipse
310 2089 462 2154 iussisset.
504 2089 633 2154 Interim
654 2089 780 2173 quoties
803 2090 870 2149 sine
891 2089 1018 2153 arbitris
1042 2104 1161 2158 eratus

127 2172 274 2234 credulas
298 2169 385 2252 regis
408 2190 501 2230 aures
518 2169 682 2250 implebat,
696 2169 894 2230 dissimulans
908 2190 1032 2234 causam
1048 2171 1125 2246 irae,

128 2275 193 2338 quo
217 2252 348 2334 gravior
371 2249 563 2312 criminantis
585 2251 757 2314 auctoritas
778 2261 874 2328 esset.
905 2249 1053 2316 Nondum
1074 2267 1163 2312 suas

125 2346 255 2416 spectus
277 2344 347 2396 erat
369 2330 512 2406 Orsines,
532 2329 594 2390 iam
619 2343 724 2392 tamen
747 2330 850 2398 vilior.
879 2334 966 2396 Reus
989 2332 1125 2398 enimin

127 2427 254 2476 secreto
276 2412 440 2496 agebatur,
462 2411 587 2473 latentis
608 2411 743 2494 periculi
771 2412 916 2494 ignarus:
946 2423 979 2478 et
1007 2411 1125 2502 impor-

127 2495 325 2555 tunissimum
345 2504 497 2569 scurnum,
523 2513 565 2551 ne
589 2493 620 2558 in
642 2505 755 2572 stupro
778 2493 904 2575 quidem
929 2503 962 2551 et
987 2491 1125 2554 dedeco-

128 2575 172 2634 ris
195 2574 343 2652 patientia
363 2573 486 2632 fraudis
508 2573 653 2646 oblitum,
674 2572 800 2654 quoties
822 2592 963 2631 amorem
988 2573 1072 2652 regis
1095 2574 1127 2631 in

130 2675 164 2714 se
183 2653 381 2726 accenderat,
398 2652 548 2711 Orsinem
560 2651 655 2710 modo
674 2650 835 2726 avaritiae,
852 2645 1014 2714 interdum
1033 2651 1126 2710 etiarn

130 2731 330 2805 defectionis,
353 2729 516 2811 arguebat.

210 2815 274 2871 lam
301 2822 423 2870 matura
452 2819 541 2868 erant
567 2807 600 2872 in
625 2806 800 2899 perniciem
830 2807 1005 2872 innocentis
1034 2831 1119 2870 men·
1149 2819 1168 2880 5

131 2894 229 2966 dacia,
252 2904 284 2950 et
303 2889 415 2965 fatum,
437 2888 526 2950 cuius
549 2886 739 2953 inev1tabilis
770 2907 839 2950 sors
863 2901 920 2962 est,
942 2889 1124 2970 appetebat.

131 2978 233 3038 Forte
258 2971 341 3032 enim
364 2970 548 3052 sepulcrum
577 2967 650 3046 Cyri
677 2967 858 3030 Alexander
884 2969 975 3030 iussit
995 2971 1126 3052 aperiri,

129 3058 162 3118 in
183 3075 248 3140 quo
270 3063 341 3112 orat
361 3050 524 3112 conditum
548 3049 616 3108 eius
638 3067 776 3128 corpus,
809 3048 860 3113 cui
889 3048 965 3108 dare
996 3051 1127 3112 volebat

131 3135 272 3206 inferias.
314 3133 404 3201 Auro
434 3139 630 3218 argentoque
658 3127 819 3214 repletum
840 3150 909 3190 esse
934 3130 1166 3210 crediderunat

131 3291 335 3304 ffl—

183 3389 226 3454 23)
247 3388 324 3438 Voss.
345 3369 457 3440 nomltt.
476 3398 501 3436 et
520 3395 580 3436 anto
604 3403 620 3434 o
640 3380 777 3442 uiolanda,
798 3383 853 3438 Pal,
876 3399 896 3434 1.
912 3384 1031 3436 Theocr.
1047 3385 1130 3452 rpsns.

183 3464 228 3520 29)
246 3457 324 3511 Voss.
345 3473 369 3505 2.
389 3457 450 3505 Pal.-
468 3473 490 3505 1.
508 3457 595 3507 ntulit.
616 3457 646 3503 iu
666 3462 726 3502 ante
748 3463 857 3521 stupro.

185 3526 230 3589 31)
250 3533 319 3592 optt.
336 3525 425 3576 Codd.
448 3542 483 3576 co
492 3543 509 3575 u
518 3523 570 3575 dit
579 3543 595 3575 u
604 3541 628 3573 m
647 3522 786 3592 repletum.
