2686 3876
466 431 512 484 DE
531 430 656 482 csssrts
680 427 780 480 tux.
809 429 868 491 vu,
889 435 915 484 2.
1180 427 1197 488 5

200 583 259 643 ‘scd
294 580 387 642 etiam
420 599 508 640 mens
538 597 611 638 euru
643 576 796 640 destituit.
841 577 927 637 Nulli
955 577 1025 638 e'rat
1056 576 1200 652 dubium,
1225 597 1240 640 s

147 710 149 715 .
202 663 277 745 quin
298 661 467 742 trepidatio
499 657 711 719 eonscientiae
736 657 886 716 indicium
915 667 1029 730 essct,¹
1048 677 1112 716 nou
1135 679 1200 718 mo·

201 741 320 804 moriac
345 741 465 803 vitium.
504 741 613 820 ltaque
635 756 676 796 ex
692 733 751 808 his,
773 737 827 817 qui
848 737 984 817 proximi
1005 736 1200 818 adstiterunt,

202 823 417 884 'obluctantem
438 817 542 878 adhuc
564 816 718 878 oblivioni
738 816 854 875 lanceis
878 817 1105 883 confoderunt.

283 902 380 964 Cuius
401 918 542 979 corpore
567 897 673 956 ablato
705 917 762 956 rex
785 895 945 956 introduci
971 897 1060 957 iitssit
1082 903 1195 980 Amyn·
1220 909 1237 968 ‘2

176 1041 179 1055 ,
203 997 267 1044 tam
285 993 317 1042 et
338 980 513 1042 Simmiam:
535 997 604 1036 riam
619 976 786 1050 Polemon,
809 976 952 1048 minumus
977 997 1015 1036 ex
1038 979 1201 1056 lintribus,

203 1084 277 1124 oum
298 1060 457 1120 Philotam
480 1056 626 1139 torqueri
651 1055 879 1136 corriperissct,
902 1057 1099 1138 profugerat.
1129 1060 1239 1120 (lm-¹¹

203 1145 289 1201 nium
310 1139 457 1199 Philotae
478 1137 653 1198 amicorum
678 1133 711 1194 hi
732 1157 886 1196 carissimi
908 1137 1051 1208 lucrant,
1080 1139 1118 1198 sd
1140 1161 1204 1200 ma·

206 1231 266 1303 gna
285 1232 318 1280 et
338 1218 494 1282 honorata
517 1215 689 1276 ministeria
708 1215 791 1275 illius
818 1217 953 1276 inarime
978 1216 1203 1300 sutiiugatione

204 1298 375 1383 producti3
398 1296 648 1390 memineratque
662 1317 731 1368 rex,
747 1317 870 1358 summo
884 1295 990 1357 studio
1007 1295 1047 1356 ab
1069 1316 1109 1358 eo
1130 1297 1204 1362 eonss

205 1381 327 1442 ciliatos
349 1377 420 1453 sihi,
442 1397 501 1437 nee
526 1375 701 1452 dubitabat,
722 1375 815 1436 huius
840 1383 994 1469 quoquc*
1004 1375 1108 1436 ultimi
1130 1380 1205 1440 coni

165 1453 169 1458 ’
205 1461 266 1520 silii
287 1459 384 1526 fuisse
405 1457 588 1550 participes.
632 1456 748 1538 igitur,
769 1456 844 1516 olim
866 1455 926 1516 sibi
947 1475 1018 1517 esso
1039 1470 1245 1539 suspectosre

205 1541 313 1603 matris
334 1560 410 1602 suae
431 1539 558 1612 litteris,
580 1536 696 1618 quibus
722 1547 808 1596 esset
830 1535 1018 1610 admonitus,
1039 1549 1074 1597 ut
1095 1540 1135 1598 ab
1158 1539 1204 1600 his
1271 1567 1278 1585 =

154 1615 157 1622 ¹
204 1623 339 1684 salutem
364 1639 451 1682 suam
474 1628 634 1678 tueretur.
658 1621 811 1678 Ceterum
832 1635 867 1676 sc
889 1615 1019 1676 inritum
1042 1617 1204 1680 deteriora

162 1755 165 1759 ,
206 1703 412 1770 credentem,
443 1718 527 1758 nunc
556 1697 729 1756 manifestis
760 1693 883 1756 indiciis
912 1695 1049 1768 rictum,
1076 1699 1205 1760 iussisse

207 1782 331 1843 vinciri.
378 1781 457 1838 Nam
479 1776 584 1858 pridie
609 1797 704 1858 quom
734 1774 944 1857 detegeretur
971 1775 1117 1838 Philotae
1139 1799 1246 1852 soe-na

207 1865 268 1937 lus,
289 1861 371 1944 quin·
385 1868 514 1918 secreto
537 1875 608 1915 cum
631 1876 670 1916 eo
690 1856 834 1931 luissent,
856 1877 917 1915 uon
943 1875 1037 1936 posse
1058 1857 1206 1919 dubitari.

208 1943 356 2001 Fratrem
375 1957 473 2011 vero,
500 1935 555 2018 qui
575 1934 770 2017 profugerit,
784 1955 856 1996 cum
870 1937 911 1996 de
927 1935 1051 1997 Philota
1073 1959 1207 2019 qaaere-

209 2033 312 2097 retur,
333 2016 495 2100 aperuisse
518 2015 614 2096 l'ugae
636 2036 769 2076 causam.
793 2018 905 2098 Nuper
925 2027 1056 2098 praeter
1077 2031 1249 2088 consue-m

209 2102 362 2176 tudinem,
384 2096 485 2158 officii
506 2095 633 2176 specie,
663 2095 774 2157 amotis
797 2096 923 2177 longius
945 2098 1079 2172 ceteris,
1101 2099 1207 2159 admo·

148 2197 152 2202 “
208 2181 292 2244 visse
317 2177 506 2257 semetipsos
526 2175 621 2236 lateri
643 2195 715 2252 suo,
736 2176 822 2236 nulla
843 2177 1001 2257 probabili
1025 2198 1137 2244 causa:
1160 2179 1207 2241 sei

210 2283 274 2344 que
301 2262 482 2332 mirantem,
507 2255 595 2338 quod
625 2275 687 2316 nou
714 2256 784 2316 ricc
819 2278 876 2318 sua
905 2258 960 2318 tali
997 2255 1207 2341 seligerentur

210 2342 335 2410 officio,
356 2350 389 2400 et
403 2338 471 2418 ipsa
483 2335 697 2430 trepidatione
714 2355 827 2397 eorum
843 2338 1061 2419 perterritum,
1076 2335 1206 2400 strenuo
1267 2355 1276 2372 ¹

211 2421 251 2482 ad
279 2423 469 2503 armigeros,
498 2437 554 2498 qur
586 2415 731 2497 proxime
763 2417 996 2500 sequebantur,
1025 2421 1208 2484 recessisse.

209 2500 262 2562 Ad
277 2501 338 2562 hoc
352 2497 519 2567 accedere,
534 2491 623 2580 quod
640 2516 712 2556 cum
723 2497 927 2578 Antiphanes,
936 2497 1039 2559 scriba
1054 2501 1247 2640 equituru,15

210 2584 364 2650 Amyntae
378 2575 603 2652 denuntiasset,
622 2576 726 2658 pridie
747 2599 841 2660 quam
862 2579 1009 2640 Philotae
1029 2599 1084 2640 sce
1096 2600 1133 2638 us
1154 2581 1209 2639 de·

213 2650 405 2739 prehensum
427 2667 523 2739 esset,
545 2668 580 2717 ut
601 2677 641 2717 ex
662 2656 726 2718 suis
757 2659 846 2740 cquis
868 2679 958 2721 more
991 2659 1086 2719 solito
1118 2659 1209 2721 daret

218 2781 397 2796 Ἢ

280 2862 308 2930 9)
326 2866 400 2917 Frsb.
418 2872 553 2940 proxime.

270 2939 312 2987 tol
330 2935 407 2988 Frsh.
427 2939 545 2990 subluto.
1137 2999 1141 3004 ,

267 2998 309 3065 ¹2)
328 3003 406 3057 Both.
428 3007 511 3060 deleri
531 3008 585 3057 vult
601 3015 671 3060 auct.
690 3003 766 3056 Frsh.
783 3003 881 3070 igitur.
901 3034 932 3042 -
952 3005 1026 3058 Frsb.
1046 3017 1146 3079 transp.
1167 3029 1208 3086 es:

144 3075 151 3094 ²
214 3087 242 3119 se
262 3068 323 3121 siti.

267 3138 310 3207 13)
330 3139 401 3192 idem
423 3142 459 3191 iu
474 3153 594 3203 secreto;
612 3144 647 3194 cl.
665 3143 763 3193 Duker.
787 3139 821 3192 nd
847 3139 902 3193 Lir.
926 3143 1039 3210 xxxtt,
1059 3149 1105 3208 35,
1133 3147 1157 3200 8.
1179 3175 1210 3204 ‚-

215 3205 285 3257 idom
308 3207 407 3260 deinde
423 3227 483 3260 cunt
501 3211 570 3278 ipso.
592 3237 626 3250 -
645 3219 713 3280 optt.
736 3209 824 3262 Codd.
850 3210 986 3264 dubitare.
1003 3243 1036 3254 -
1059 3214 1133 3264 Frsb.
1151 3210 1210 3264 orarii

215 3274 341 3326 Philotas
359 3279 545 3347 torqueretur.
576 3294 579 3302 “

243 3410 247 3419 Ι
274 3345 317 3408 td)
335 3345 370 3394 al.
390 3363 422 3395 er·
444 3348 507 3414 ipsu
525 3344 634 3415 trepicI.,·
650 3349 710 3398 rat..
727 3355 749 3404 1.
767 3348 986 3420 perturbatione.
1001 3377 1034 3388 ·-
1050 3349 1124 3400 Frah.
1142 3339 1210 3422 pro²

215 3427 292 3465 sinae.
819 3431 821 3436 ·

272 3473 315 3534 abl
335 3481 369 3529 nl.
385 3480 424 3529 ad
441 3481 515 3540 baec.
535 3509 568 3522 -
588 3499 637 3550 pro
657 3481 735 3536 ederet
753 3461 797 3536 th
815 3483 890 3533 Frsh.
908 3486 952 3546 iis,
971 3485 1014 3553 qni
1030 3495 1090 3555 post
1103 3490 1211 3543 arrisis-

218 3558 276 3596 sent
293 3546 368 3597 addit
387 3567 462 3614 siros,
479 3567 529 3621 pro
549 3567 602 3619 quo
621 3555 704 3619 plurr.
723 3555 813 3608 Codd.
835 3571 928 3620 equos.
