2686 3876
415 371 464 429 ‘nt-3
486 373 727 428 sssmsnnsx.
746 373 863 441 vt11‚5.
902 367 905 374 ’
1094 381 1128 434 οι
1185 393 1191 406 ·

137 525 320 602 obstinatis,
348 525 446 588 Clitus
467 519 617 607 paulatlm
645 524 766 584 maiore
795 543 876 588 voce
896 523 1038 622 Phllippi
1058 535 1128 588 scta

134 607 285 692 bellaque
313 608 345 668 in
377 607 509 674 Graecia
538 617 626 686 gesta
648 615 891 682 commemorat,
913 626 1016 668 omma
1036 627 1127 690 prae·

134 688 276 748 sentibus
296 686 491 770 praeferens.
532 687 615 746 Hinc
636 685 719 744 inter
738 685 875 744 iuniores
901 707 1055 771 senesque
1077 705 1160 752 oret

134 779 168 827 ta
189 769 349 830 contentio
371 763 436 841 est3
464 779 497 827 et
516 787 591 840 rex,
611 765 700 828 velut
719 764 877 844 patienter
896 768 1035 844 audiret,
1056 769 1127 851 quis

138 848 239 910 Clitus
262 849 432 910 obterebat
452 847 562 907 laudes
583 843 667 921 eius,
693 843 854 926 ingentem
875 846 952 906 iram
973 866 1127 930 concepe—

136 939 196 988 rat.
239 930 390 988 Ceterum
425 947 496 988 cum
527 925 628 988 animo
654 922 819 986 videretur
841 923 1162 1004 imperaturus,·sies

135 1007 232 1068 linem
255 1008 435 1090 procaciter
457 1017 529 1068 orto
550 1005 687 1080 sermoni
716 1005 815 1066 Clitus
836 1003 1030 1086 imponeret,
1051 1007 1126 1068 nihil

138 1107 251 1150 eorum
272 1089 448 1162 omittente,
470 1107 517 1146 ma
541 1087 567 1146 is
588 1085 845 1167 exasperabatur.
876 1087 937 1144 lum
964 1107 1004 1146 ue
1028 1088 1169 1151 Clitus'ts

138 1167 232 1230 etiam
254 1164 495 1227 Parmenionem
515 1107 690 1227 ‹iefendere
709 1165 854 1238 audebat,
875 1177 907 1226 et
928 1168 953 1226 P
977 1165 1065 1248 ilippi
1086 1169 1128 1230 de

46 1261 51 1279 “
137 1245 382 1309 Atheniensibus
395 1247 560 1308 victoriam
580 1247 760 1308 Thebarum
775 1245 980 1327 praelerebat
993 1248 1129 1322 excidio,

138 1347 202 1388 non
230 1326 305 1389 'vino
335 1327 446 1403 modo,
476 1327 655 1390 sedetiam
682 1326 774 1387 animi
800 1347 897 1407 prava
928 1327 1128 1390 contentione

136 1418 321 1488 'provectus
363 1407 411 1468 Ad
440 1408 599 1483 ultimum,
628 1407 660 1468 Si
695 1406 911 1483 moriendum,
941 1403 1058 1492 inquit,
1080 1419 1163 1470 estts

141 1499 266 1567 prote,
288 1488 387 1549 Clitus
412 1501 461 1549 est
481 1490 618 1570 primus:
640 1499 672 1548 at
692 1509 764 1548 cum
784 1486 938 1550 victoriae
963 1485 1128 1552 arbitrium

138 1569 213 1650 agis,
233 1569 436 1650 praecipuum
465 1568 572 1629 ferunt
599 1566 791 1649 praemium,
817 1570 871 1663 qui
902 1569 1127 1652 procacissime
1189 1597 1191 1604 ·

135 1648 235 1730 patris
263 1649 309 1708 tui
340 1649 510 1710 memoriae
545 1648 692 1712 illudunt.
742 1648 929 1731 Sogdianam
963 1651 1166 1731 regionemss

136 1727 214 1805 mihi
234 1727 388 1802 attribuis,
409 1729 525 1790 totiens
545 1727 720 1802 rebellem,
741 1739 774 1788 et
796 1751 859 1790 non
877 1729 974 1793 modo
994 1730 1128 1791 indomi-

136 1819 219 1884 tam,
261 1807 319 1868 sed
347 1829 427 1890 quae
457 1829 496 1888 ne
524 1806 627 1889 subigi
653 1807 780 1890 quidem
808 1809 917 1889 possit.
957 1811 1066 1870 Mittor
1087 1810 1127 1872 ud

136 1883 223 1948 seras
254 1886 388 1951 bestias,
416 1887 602 1967 praecipitia
631 1886 756 1966 ingenia
786 1889 912 1948 sortitas
956 1888 1020 1950 Sed
1044 1909 1149 1971 quae.

138 1967 180 2028 ad
214 1987 266 2026 me
296 1968 456 2048 pertinent
483 1978 619 2039 trameo.
657 1965 816 2061 ‘Philippi'
843 1967 958 2029 milites
994 1969 1164 2049 spernimus

34 2047 39 2068 ⁸
137 2045 267 2121 oblitus,
288 2047 346 2106 nisi
365 2047 418 2108 hic
439 2045 601 2108 Atharrias
629 2067 726 2108 senex
753 2067 892 2109 rumores
915 2067 1051 2130 pugnam
1073 2047 1128 2108 de·

136 2139 310 2188 tractantes
334 2139 536 2202 revocasset,
558 2125 659 2188 adhuc
686 2148 743 2188 nos
770 2128 855 2189 circa
876 2131 1128 2190 Halicarnassum

136 2207 289 2268 haesuros
315 2207 424 2270 fuisse.
464 2207 637 2304 Quomodo
666 2208 764 2291 igitur
799 2210 904 2270 Asiam
932 2211 1026 2271 etiam
1057 2223 1164 2271 sumet

136 2288 204 2370 istis
224 2288 397 2350 iunioribus
418 2288 602 2365 subiecisti?
623 2291 744 2351 Verum
765 2303 822 2364 est,
838 2303 875 2352 ut
895 2292 1021 2374 opinor,
1038 2290 1127 2374 quod

138 2370 328 2429 avunculum
350 2382 439 2430 tuum
458 2369 489 2430 in
510 2369 594 2430 ltalia
619 2371 733 2431 dixisse
747 2369 886 2450 constat,
906 2372 1010 2455 ipsum
1030 2371 1063 2431 in
1081 2371 1127 2434 vi·

137 2467 192 2509 ros
216 2449 371 2526 incidisse,
392 2463 424 2511 te
447 2449 478 2510 in
499 2449 640 2512 feminas.
860 2477 861 2482 ¹

216 2528 300 2589 Nihil
321 2551 360 2591 ex
382 2531 525 2610 ornnibus
552 2531 727 2595 inconsulte
757 2550 793 2591 ac
820 2539 945 2592 temere
962 2527 1051 2592 iactis
1075 2551 1127 2592 re·
1146 2545 1166 2605 5

139 2626 211 2685 gem
231 2612 327 2690 magis
349 2616 512 2684 moverat,
541 2634 632 2695 quam
660 2611 874 2680 Parmenionis
902 2631 974 2680 cum
1004 2611 1126 2671 honore

140 2687 258 2746 mentio
277 2691 372 2750 illata.
409 2692 566 2754 Dolorem
589 2704 692 2753 tamen
712 2711 771 2751 rex
797 2690 931 2772 pressit,
958 2689 1125 2752 contentus

151 2824 306 2840 Μ-

160 3008 166 3020 ’
189 2939 235 3009 31)
252 2938 327 2991 Mod.
346 2939 575 3016 senioresques—
591 2940 666 2996 Frsh.
685 2943 785 3005 rnurult
802 2957 817 2992 e
834 2936 915 2997 Mslo.
932 2955 997 2994 ortu
1012 2951 1125 2995 routen-

141 3021 337 3144 nvlbblb‘xnt
351 3076 442 3147 finem.
460 3111 493 3121 -
511 3099 542 3130 eo
563 3065 711 3140 remittente
728 3077 803 3128 Frsb.
825 3096 839 3130 e
857 3077 927 3131 coni.
944 3080 1067 3132 Acidalii.

188 3147 232 3217 34)
252 3147 338 3198 Codd.
358 3148 482 3212 turbine
502 3159 568 3217 optt.
587 3165 680 3218 eorum
699 3159 728 3197 ot
746 3148 881 3215 vz'ctorine
903 3149 1046 3200 arbitrium
1064 3168 1124 3201 mo·

137 3219 196 3286 gis
212 3219 387 3288 praecipuum
395 3234 406 3279 ,¹
433 3219 507 3273 Mod,
532 3235 593 3269 cum
618 3219 689 3288 vulg.
712 3226 741 3266 ut
769 3217 907 3268 victorius
934 3222 1022 3270 maius
1046 3235 1125 3288 prue-

138 3299 227 3340 mattas.

150 3405 153 3412 ,
190 3353 233 3422 37)
251 3353 325 3409 Frsb.
349 3353 484 3424 puornodo
502 3369 634 3422 πμ-
653 3353 727 3410 Mod.
748 3355 833 3406 omitt.
853 3366 945 3430 tuum5
963 3351 1125 3424 opttCodd

46 3460 48 3468 ·
137 3427 168 3476 in
184 3426 301 3474 Italiam.
570 3484 572 3490 Ι
604 3453 614 3465 .
923 3455 925 3462 ,

188 3493 232 3586 318)
250 3495 325 3569 vulgo
345 3490 415 3543 actis
435 3491 592 3564 proiectis.
698 3500 700 3506 ’
