2686 3876
442 421 487 472 DE
510 419 632 472 GESTlS
650 421 750 471 ALEX.
771 419 844 484 Vlll,
864 437 902 472 tu.
1136 425 1171 480 6⁹

172 569 230 630 Ille
254 588 289 629 se
310 567 417 649 prodi,
441 591 504 632 non
524 567 666 642 moneri,
687 578 791 643 ratus,
818 578 850 629 et
874 566 998 629 formae
1015 564 1168 706 prolecto
1195 596 1211 640 a

159 649 286 710 ·liducia
308 669 428 728 cupere
451 669 520 710 eam
542 647 773 731 quamprimum
795 646 870 707 dedi
893 647 1012 708 Alexan
1037 668 1086 720 ro,
1109 647 1169 708 aci·

171 750 282 790 necem
311 727 453 802 strinxit,
483 747 693 809 percussurus
722 745 873 802 uxorem,
906 727 965 787 nisi
991 723 1171 808 prohibitus

160 821 259 870 esset
279 808 416 868 fratrum
437 808 505 870 eius
527 826 673 868 occursu.
716 806 867 866 Ceterum
888 805 976 868 abire
998 819 1170 900 conspectu
1197 839 1211 884 5

172 890 274 964 iubet,
294 888 404 949 addito
425 900 513 950 metu
533 887 654 960 mortis,
680 886 706 946 si
727 905 761 946 se
782 885 883 946 oculis
897 885 964 947 eiua
986 886 1171 952 obtulisset.¹

161 980 208 1030 vet
229 969 268 1029 ad
288 968 483 1029 desiderium
504 966 673 1028 levandum
694 977 805 1027 noctes
822 985 919 1049 agere
939 966 1022 1028 inter
1036 967 1170 1048 pellices
1261 995 1274 1022 κ

173 1050 289 1139 coepit
338 1047 403 1108 Sed
437 1047 565 1130 penitus
590 1045 723 1107 haerens
748 1067 838 1110 aanor
865 1045 993 1108 fastidio
1022 1065 1209 1130 praesen-⁶

173 1130 254 1190 tium
275 1145 425 1189 accensus
447 1139 504 1188 est.
535 1129 647 1211 ltaque
668 1147 777 1188 rursus
792 1127 846 1186 uni
868 1127 898 1188 ei
920 1126 1056 1202 deditus,
1077 1147 1171 1189 orare

128 1217 139 1224 '
175 1231 239 1274 non
262 1207 401 1282 destitit,
422 1219 458 1269 ut
483 1209 537 1269 tali
568 1207 700 1271 oonsilio
721 1207 910 1282 abstineret,
939 1219 1169 1290 patereturque

173 1299 307 1362 sortem,
331 1308 550 1372 quamcunque
570 1289 607 1351 iis
628 1288 757 1352 fortuna
776 1287 922 1349 fecisset:
953 1287 1013 1348 sibi
1033 1298 1171 1349 mortem

59 1428 69 1434 ,
174 1367 338 1429 deditione
368 1386 438 1429 esse
467 1369 632 1434 leviorem.
684 1373 727 1429 At
758 1369 811 1428 illa
838 1388 977 1451 purgare
1007 1388 1060 1444 se,
1082 1367 1206 1450 quod7

175 1467 259 1538 quae
279 1447 367 1508 utilia
388 1467 457 1509 ease
478 1449 627 1510 censebat
642 1449 842 1510 muliebriter
862 1447 1008 1518 forsitan,
1030 1447 1088 1509 scd
1108 1446 1171 1510 lida

173 1537 279 1588 tamen
298 1539 416 1604 mente,
435 1530 598 1591 suasisset:
621 1529 661 1591 de
684 1544 794 1591 cetero
819 1527 960 1590 suturam
979 1528 1011 1588 in
1032 1529 1092 1590 viri
1113 1549 1170 1612 po·

173 1619 300 1674 testate.
342 1609 551 1692 Spitamenes,
572 1610 719 1671 simulato
736 1621 846 1690 captus
867 1609 1035 1692 obsequio,
1056 1609 1097 1671 de
1118 1609 1170 1670 die
1195 1637 1211 1682 3

161 1689 353 1750 ¹convivium
381 1688 526 1770 apparari
553 1687 657 1764 iubet3
693 1690 834 1770 vinoque
862 1700 895 1748 et
922 1689 1025 1770 epulis
1093 1690 1171 1765 aris,

162 1769 380 1834 semisomnus
412 1769 444 1826 in
476 1765 659 1828 cubiculum
689 1769 806 1828 fertur.
851 1768 957 1856 Quem
982 1779 1018 1828 ut
1044 1782 1107 1830 ato
1138 1779 1171 1830 et
1196 1795 1211 1841 ς

173 1850 263 1930 gravi
283 1867 393 1909 somno
412 1846 551 1926 sopitum
575 1865 645 1906 esse
667 1848 764 1907 sensit
787 1867 883 1923 uxor,
909 1846 1057 1929 gladium,
1077 1868 1172 1930 quem

160 1940 265 1989 ¹veste
295 1927 529 1994 occultaverat,
561 1927 704 2008 stringit,
735 1937 894 2009 caputque
916 1926 983 1985 eius
1005 1927 1173 2004 abscisum,

173 2027 291 2068 cruore
317 2025 486 2088 respersa,
509 2023 605 2068 servo
635 2027 693 2066 auo
726 2004 854 2068 conscio
886 2005 1037 2066 facinoris
1064 2005 1172 2066 tradit.

160 2088 300 2148 ¹Eodem
326 2085 506 2164 comitante,
527 2084 622 2146 sicuti
643 2099 722 2160 erat,
744 2097 875 2148 cruenta
894 2095 993 2160 veste,
1015 2085 1046 2146 in
1067 2087 1212 2159 Mace-12

174 2170 292 2230 donum
318 2179 419 2228 castra
440 2166 604 2247 pervenit,
634 2168 837 2251 nuntiarique
861 2166 1044 2228 Alexandro
1072 2166 1171 2243 iubet,

174 2269 262 2324 esse,
283 2269 366 2332 quae
395 2267 433 2308 ex
455 2247 522 2328 ipsa
551 2245 687 2310 deberet
708 2267 892 2332 agnoscere.
938 2246 994 2308 Ille
1025 2249 1210 2330 protinusu

173 2327 343 2390 barbaram
372 2327 463 2388 iussit
491 2327 620 2393 admitti.
667 2330 772 2415 Quam
794 2341 828 2389 ut
852 2348 1029 2410 respersam
1051 2349 1169 2390 cruore

175 2409 351 2490 conspexit,
373 2421 459 2468 ratus
479 2407 520 2468 ad
542 2406 768 2492 deplorandam
790 2409 1011 2471 contumeliam
1033 2411 1169 2481 venisse,

162 2488 282 2552 -dioere
304 2509 385 2584 quae
411 2487 512 2552 vellet
537 2487 640 2557 iubet.
684 2492 729 2560 At
755 2489 810 2552 illa
837 2509 984 2569 serrum,
1016 2509 1113 2582 quem
1140 2489 1208 2549 insa

180 2648 373 2665 *-

209 2779 272 2896 wb)
296 2796 471 2853 eremperto
487 2785 556 2838 Edd.
581 2789 664 2854 pluro.
699 2813 732 2824 -
757 2788 833 2842 Fr'ab.
858 2796 958 2854 transp.
981 2794 1076 2836 noctes
1100 2785 1172 2840 iuter

196 2862 209 2894 e
240 2863 283 2896 ces
301 2865 318 2897 n
340 2867 392 2900 ere.

175 2862 194 2913 p
242 2913 270 2983 6)
289 2865 372 2982 Bogng.
393 2919 478 2968 omitt.
497 2919 549 2969 sili
566 2929 626 2972 ante
645 2931 765 2971 mortem.
789 2952 820 2960 -
844 2919 922 2971 Voss.
942 2936 967 2982 a.
986 2905 1120 2980 Icttiorem.

243 2984 272 3047 8)
291 2984 366 3035 Voss.
388 3002 409 3034 ι.
427 3001 451 3032 2.
470 2987 552 3053 Bnng.
574 2989 641 3036 vino
662 3005 793 3058 qrtoque;
808 2989 887 3039 Voss.
906 2995 930 3044 2.
949 2991 1037 3046 sintin.
1054 2995 1171 3059 gravior

176 3049 292 3130 denique
312 3061 378 3120 optt.
397 3052 483 3102 Codd.
504 3056 561 3105 voci
581 3058 755 3109 semnomnos
773 3055 892 3129 (quoque
905 3058 981 3113 Voss.
997 3063 1169 3116 &semisom-

175 3126 231 3185 nu)
247 3123 427 3190 praemissunt
444 3134 489 3180 et,·

240 3189 270 3258 9)
287 3190 363 3240 Frsb.
383 3188 536 3258 (abscissum.
555 3217 589 3230 -
607 3191 685 3242 Voss.
705 3209 729 3244 a.
749 3195 835 3244 omitt.
858 3211 908 3244 auo
926 3205 988 3264 post
1006 3215 1095 3252 servo.

225 3259 268 3327 10)
289 3259 364 3310 Frsb.
383 3275 547 3325 cognoscere
559 3277 571 3321 ,·
605 3263 649 3328 qul
672 3263 857 3330 Zumptlanam
885 3279 1034 3331 agnoscere
1061 3265 1170 3332 probet,

176 3328 370 3396 comprobare
390 3337 479 3396 putem
505 3330 569 3382 lect.
596 3329 663 3380 Edd.
689 3333 772 3401 plurr.
799 3339 825 3383 et
852 3332 909 3382 Pal.
935 3347 970 3395 a„
995 3331 1090 3383 adesse
1119 3350 1170 3402 pro

176 3413 234 3444 esse
252 3397 442 3453 exhibentium.

188 3495 190 3501 ,
226 3464 267 3543 rr)
285 3465 360 3516 Frsb.
379 3474 474 3519 contra
493 3475 561 3535 optt.
579 3467 667 3519 Codd.
687 3465 854 3536 adspersam.
873 3493 907 3508 -
935 3466 1013 3518 Voss.
1033 3482 1057 3518 u.
1076 3471 1106 3526 Ρ.
1127 3488 1168 3522 rs·
1233 3535 1239 3542 ἢ

177 3544 276 3598 spcxrt.
901 3566 904 3572 ·
1321 3547 1324 3555 '
