2688 3872
201 341 248 397 182
559 338 593 407 e.
613 337 727 401 curru
745 340 823 401 tttJtt

199 503 281 552 osset
311 487 423 562 trason
459 489 489 572 n,
524 501 687 564 externum
712 489 851 551 habitum
872 501 1002 556 ‘mutare
1036 492 1184 572 eorporis

199 571 335 646 cultum,
358 569 472 630 imitari
494 569 687 639 devictarum
710 571 848 665 gentium
874 593 989 647 mores,
1010 591 1089 655 quos
1111 584 1184 642 ante

164 651 360 718 ssvlctoriam
386 664 559 731 spreverat.
610 653 689 718 Nam
721 651 912 719 iracundiam
940 663 973 712 et
1003 652 1185 734 cupidinem

198 731 264 791 vini
292 729 384 796 sicuti
411 729 538 792 iuventa
570 731 765 814 irritaverat,
798 731 839 798 ita
867 744 1013 800 senectus
1040 732 1187 814 mitigare

165 811 363 894 etpotuisset.
389 811 563 879 Fatendum
587 823 636 872 est
657 823 771 888 tamen,
792 812 1053 893 cumplurimum
1075 812 1188 882 virtuti

200 891 357 966 debuerit,
375 891 446 973 plus
470 890 615 960 debuisse
637 891 802 968 fortunae,
823 913 916 976 quam
938 893 1024 962 solus
1046 893 1188 970 emnium

200 971 376 1050 mortalium
398 971 597 1062 inpotestate
617 971 737 1037 babuit.
784 971 918 1064 Quoties
937 971 1026 1044 illum
1049 985 1187 1044 tmottc

188 1050 390 1132 revocavit?
411 1051 536 1136 quoties
559 1065 681 1124 temero
708 1053 739 1112 in
759 1051 902 1136 pericula
925 1063 1049 1126 vectum
1070 1073 1188 1144 perpe*

166 1141 253 1194 ttua
278 1131 431 1201 felicitate
460 1131 620 1214 protexit?
667 1132 760 1196 Vitae
787 1153 915 1220 quoqne
935 1131 1030 1193 finem
1051 1133 1189 1204 eundern

200 1214 255 1286 illi,
271 1233 365 1299 quem
379 1213 510 1296 gloriae,
531 1213 650 1278 statuit.
671 1215 909 1294 Exspectavere
925 1233 998 1274 eum
1014 1211 1087 1286 fata,
1109 1213 1188 1280 dum

201 1293 334 1356 Oriente
355 1292 547 1376 perdomito,
567 1293 652 1362 adito
698 1313 716 1354 e
739 1292 881 1369 Oceano,
900 1293 1051 1376 quiequid
1070 1304 1188 1365 morta·

165 1375 270 1434 alites
292 1373 434 1453 capiebat
453 1373 495 1441 ins
519 1374 611 1438 leret.
684 1374 735 1434 uio
766 1373 837 1464 regi
863 1373 1000 1459 ducique
1022 1392 1190 1437 successor

200 1451 430 1540 quaerebatur:
452 1472 485 1514 se
523 1453 623 1518 malou
638 1454 736 1514 moles
760 1465 847 1522 erat,
867 1475 959 1536 quam
981 1466 1016 1514 ut
1037 1473 1116 1519 unus
1137 1473 1190 1513 sua.-

201 1537 271 1596 bire
295 1554 364 1594 enm
385 1544 503 1614 posset.
543 1533 653 1616 ltaque
674 1552 789 1604 nomen
812 1553 941 1618 quoque
963 1533 1030 1596 eius
1052 1533 1192 1602 etfama

202 1635 309 1675 rerum
329 1614 360 1674 in
384 1625 488 1686 toturn
507 1613 740 1708 propemodum
769 1613 1000 1695 orbern'reges
1028 1633 1064 1674 ae
1090 1633 1192 1694 regna

203 1693 341 1770 diffindit,
363 1693 588 1778 clarissimique
611 1707 682 1756 sunt
702 1694 816 1773 hahiti,
846 1693 901 1778 qui
929 1694 1023 1762 etiam
1043 1693 1198 1766 minimae.

203 1775 286 1858 parti
309 1787 412 1836 tantae
433 1773 580 1836 fortunae
606 1775 825 1848 adhaeserunt.
944 1776 947 1779 ’

165 1856 203 1924 19
285 1856 435 1919 Ceterum
455 1854 616 1936 Babylone
631 1855 718 1937 (inde
739 1855 821 1916 enim
841 1854 980 1927 devertit
999 1853 1116 1934 oratio)
1146 1913 1199 1968 „r

196 1936 349 2019 'corporis
371 1935 438 1997 eius
460 1935 609 2004 custodes
632 1937 663 1997 in
682 1935 802 2018 regiam
822 1935 982 2072 principes
1005 1936 1117 1996 amico.

204 2039 273 2077 rum
296 2016 458 2100 ducesque
486 2017 648 2106 copiarum
678 2014 885 2078 advocatore.
954 2027 1044 2088 ecnta
1067 2027 1116 2075 est
1135 2015 1194 2084 rni-

205 2099 297 2176 litum
317 2095 420 2172 turba,
441 2097 634 2178 cupientium
654 2097 748 2170 scire,
766 2095 800 2165 ln
813 2117 909 2178 quem
930 2095 1100 2168 Alexandri
1123 2095 1193 2165 for·

93 2184 99 2194 ‘
168 2185 182 2234 t
204 2190 279 2238 tuna
303 2189 387 2238 esset
406 2177 584 2241 transitura.
628 2175 720 2236 Multi
740 2175 837 2236 duces
858 2175 1038 2258 frequentia
1058 2175 1194 2248 rnilitum

207 2257 326 2317 exclusi
350 2257 468 2350 regiam
488 2256 606 2316 intrare
627 2277 690 2328 non
711 2259 869 2337 poterant,
891 2277 962 2328 curn
975 2274 1116 2336 praeco,
1138 2275 1193 2325 exa

207 2335 325 2416 ceptis,
349 2356 404 2417 qur
441 2335 623 2398 nominatim
652 2336 839 2409 citarentur,
874 2336 962 2396 adire
993 2335 1195 2417 prohiberet,

170 2425 183 2474 t
207 2413 271 2476 Sed
306 2413 484 2498 precarium
519 2414 729 2496 spernebatur
759 2413 938 2494 imperium.
977 2418 1024 2475 Ac
1057 2417 1194 2497 primurn

209 2497 339 2558 eiulatus
363 2494 471 2577 ingens
491 2493 888 2578 ploratusquerenovntus
910 2507 974 2570 est;
1005 2497 1119 2556 deinde
1145 2495 1195 2565 ln,

131 2647 134 2657 ¹
170 2582 185 2630 t
209 2578 271 2637 turi
290 2573 482 2659 exspectatio
504 2573 640 2636 inhibitis
660 2573 795 2636 lacrimis
816 2575 973 2640 silentium
995 2575 1083 2636 fecit.
1113 2579 1196 2646 Turn

210 2657 372 2736 Perdicca,
386 2656 473 2738 regia
494 2655 570 2717 sella
590 2656 621 2716 in
645 2666 846 2738 conspectum
870 2657 957 2740 vulgi
979 2655 1060 2732 data,
1082 2656 1111 2714 in
1133 2660 1195 2738 'qun

210 2737 351 2809 diadema
371 2737 530 2832 vestisque
549 2736 719 2810 Alexandri
739 2755 811 2807 curn
832 2737 924 2800 armis
948 2747 1048 2814 erant,
1070 2737 1196 2806 anulum

225 2912 388 2930 ·w----=--,---·--·¹

210 3050 272 3088 aitte
290 3040 365 3097 vict,
385 3034 455 3090 idem
474 3045 561 3088 tamen
578 3055 647 3106 qnos
665 3031 857 3099 emendandum
881 3037 993 3086 censuit.

260 3104 303 3172 37)
324 3107 397 3156 Voss.
419 3122 440 3155 2.
462 3105 517 3154 Pal.
542 3124 561 3156 ι.
582 3125 615 3154 ex
625 3103 715 3174 forero,
732 3105 809 3172 prob.
829 3102 961 3157 Schmied.

283 3174 396 3241 1)Frsb.
424 3183 519 3226 contro
544 3173 629 3224 Codd.
658 3171 780 3226 divertit.
816 3201 846 3210 —
882 3172 937 3224 Pal.
967 3190 987 3222 1.
1014 3171 1128 3224 Tlteocr.
1156 3168 1197 3220 od

233 3260 297 3294 rtem.
568 3279 569 3282 ,

213 3261 229 3312 q
279 3311 304 3376 α)
324 3309 396 3359 Frsb.
418 3319 513 3360 contra
527 3317 599 3376 opti.
619 3309 705 3358 Cod'd.
722 3306 873 3375 probibuit,

277 3384 306 3435 nt
327 3379 399 3428 Voss.
419 3394 442 3428 2.
461 3378 515 3428 Pal.
538 3394 557 3426 1.
578 3375 692 3427 Tiseocr.
713 3376 844 3427 calulatus.
861 3391 895 3413 ¹-
923 3373 1004 3426 iidem
1024 3383 1148 3424 novatus.

277 3447 307 3515 t)
322 3449 397 3513 vulgo
416 3456 480 3498 tum.
497 3473 530 3486 -
550 3446 626 3495 Voss.
647 3462 668 3496 2.
689 3448 717 3496 iu
734 3456 888 3512 conspectu.
926 3451 928 3456 ⁴
