2686 3876
135 343 152 406 4
494 336 527 402 o.
557 335 672 387 curru
696 335 775 405 tort

106 499 117 549 1
142 523 145 526 -
224 484 372 546 Philotan
394 486 481 545 sicut·
500 483 684 558 recentibus
701 484 831 545 sceleris
845 483 912 544 eius
928 478 1067 565 uestigiis
1130 503 1135 520 ⁵

143 567 214 626 iure
230 563 383 625 allectum
400 565 555 646 supplicio
566 577 754 624 censuerant
769 564 895 640 milites,
913 563 967 638 ita,
982 573 1076 645 post·⁸
1116 553 1138 602 ¹·

144 665 237 730 quarn
261 645 399 705 desierat
421 665 490 704 esse
512 665 607 728 quem
629 644 790 722 odissent,
814 643 930 705 invidia
958 645 989 703 iu
1018 643 1140 702 miseri-

83 740 120 782 ἀ
143 725 284 786 cordiam
306 725 412 789 vertit.
458 724 657 786 Moverat'et
679 725 804 786 claritas
825 725 967 802 iuvenis,
989 735 1021 792 et
1041 723 1139 803 patris

106 806 209 865 seius
232 815 378 866 senectus
403 815 498 887 atquc
520 804 648 866 orbitas.
692 805 818 866 Primus
839 805 946 866 Asiam
969 813 1141 884 aperuerat
1232 862 1234 866 ,

138 885 223 966 regi,
246 883 386 944 omnium
406 884 625 965 periculorum
646 885 714 944 eius
727 885 901 965 particeps,
915 903 1043 963 semper
1064 883 1141 944 altea

132 986 214 1026 <rum
234 963 265 1022 in
285 963 355 1024 acie
376 983 478 1026 cornu
498 962 707 1039 defenderat,
734 965 883 1046 Philippo
914 965 1045 1046 quoque
1069 973 1141 1022 aute

109 1053 113 1060 '
138 1062 252 1106 'omues
273 1044 400 1119 amicus,
422 1057 455 1104 et
473 1043 534 1125 ipsi
560 1043 743 1105 Alexandro
772 1057 837 1104 tam
864 1042 962 1119 fidus,
990 1053 1030 1104 ut.
1058 1041 1141 1102 occi-

104 1139 119 1178 4
144 1123 403 1193 dendidttalum
424 1145 493 1186 non,
516 1123 576 1182 alio
605 1122 749 1185 ministro
778 1123 826 1182 uti
851 1125 972 1186 mallet.
1013 1124 1142 1192 Horum

137 1203 296 1287 cogitatio
319 1203 445 1264 subibat
465 1202 660 1277 exercitum,
682 1203 918 1286 seditiosaeque
942 1222 1038 1274 voces
1057 1199 1142 1262 rel'c-

137 1283 294 1365 ¹rebantur
315 1283 356 1344 ad
379 1302 502 1363 regem.
526 1281 605 1362 Quis
633 1282 688 1355 ille
709 1282 794 1342 haud
817 1303 893 1344 sane
912 1295 1030 1360 motus,
1055 1281 1142 1343 satis.

143 1384 208 1447 que
227 1363 378 1446 prudens,
394 1362 451 1438 otii
468 1361 543 1423 vitia
558 1362 687 1442 negotio
707 1363 832 1438 discuti,
855 1361 962 1436 edicit,
983 1374 1020 1422 ut
1033 1380 1142 1424 omnes

108 1445 173 1504 sin
198 1442 360 1506 vestibulo
385 1442 494 1523 regiae
515 1448 645 1522 praesto
667 1441 739 1508 sint.
770 1443 861 1532 Quos
879 1441 936 1501 ubi
952 1441 1004 1502 l're
1029 1453 1142 1501 uentes
1239 1511 1243 1517 r
1320 1473 1324 1480 ·

139 1523 257 1604 adesse
279 1521 441 1604 cognovit,
462 1522 494 1580 in
516 1521 703 1583 concionem
719 1523 888 1604 processit.
932 1463 1027 1582 Haud
1046 1519 1143 1580 dubie

119 1605 185 1664 ”ex
205 1623 275 1677 com
302 1603 383 1662 osito
405 1601 561 1681 Apharias
585 1604 751 1683 postulare
776 1603 894 1684 coepit,
915 1614 953 1674 ut
968 1605 1143 1682 Lyncestes

139 1623 335 1759 Alexander,
362 1680 417 1763 qui
437 1681 539 1742 multo
565 1695 636 1754 ante
666 1705 760 1767 quam
790 1682 933 1745 Philotas
954 1701 1066 1778 regem
1087 1700 1144 1742 vo-

105 1772 120 1816 δ
141 1763 253 1844 luisset
275 1760 437 1838 occidere,
458 1759 674 1827 exhiberetur.
718 1764 747 1824 A
766 1763 892 1826 duobus
913 1762 1081 1838 indicibus,
1103 1759 1146 1820 sia

142 1853 200 1903 cut
220 1863 317 1922 supra
339 1839 484 1916 diximus,
506 1840 641 1920 delatus,
662 1845 794 1904 tertium
815 1844 877 1904 iam
903 1855 1016 1904 aunum
1039 1852 1144 1902 custo·

142 1920 294 1983 'diebatur
314 1920 344 1978 in
367 1920 510 1982 vinculis.
543 1923 689 1984 Eundem
711 1925 742 1984 iu
762 1924 902 2006 Philippi
923 1943 1053 2064 quopue
1075 1941 1145 1982 cac·

144 2001 218 2062 dem
240 2001 421 2063 coniurasse
442 2020 515 2062 cum
537 2003 707 2078 Pausania,
722 2025 782 2084 pro
798 2012 966 2085 comperto
1005 2003 1065 2078 uit3
1088 1999 1146 2060 sed

142 2081 219 2164 ¹quia
239 2082 361 2162 primus
384 2080 607 2141 Alexandrum
623 2098 736 2164 regem
756 2083 964 2158 salutaverat,
985 2079 1146 2161 supplicio

107 2160 243 2242 7uragis
270 2180 364 2244 quam
389 2159 512 2220 crimini
531 2159 651 2234 ¹suerat
683 2173 837 2227 exemtus.
889 2165 981 2222 Tunc
1012 2177 1143 2244 quoque

110 2267 111 2272 ¹
140 2241 304 2322 Antipatri
325 2239 433 2314 soceri
454 2240 521 2300 eius
542 2259 657 2320 preces
678 2241 792 2302 iustam
820 2242 906 2325 regis
933 2241 1013 2302 iram
1042 2259 1145 2299 mora÷

145 2319 269 2381 bantur.
313 2322 464 2381 Ceterum
486 2321 652 2380 recruduit
680 2333 848 2402 soporatus
881 2321 994 2385 dolor:
1025 2319 1145 2457 quippe

145 2401 264 2462 veteris
312 2398 425 2461 ericuli
445 2400 631 2460 memoriam
660 2401 836 2482 praesentis
864 2421 940 2461 cura
959 2421 1078 2462 renova
1104 2409 1145 2461 at.

89 2489 122 2544 ,tt
144 2481 246 2564 lgitur
265 2422 447 2542 Alexander
469 2501 508 2542 ex
529 2479 674 2540 custodia
695 2479 851 2556 educitur,
871 2481 974 2552 iussus
999 2500 1039 2540 ue
1061 2475 1159 2538 dice?

145 2581 196 2640 re,
214 2579 406 2645 quamquam
430 2570 497 2633 toto
518 2559 655 2622 triennio
683 2559 854 2621 meditatus
883 2572 953 2622 erat
977 2503 1146 2620 defensis

142 2661 230 2712 uem,
253 2654 359 2704 temen
380 2636 536 2702 haesitans
557 2650 591 2700 et
616 2637 765 2732 trepidus
785 2661 886 2721 pauca
907 2660 946 2700 ex
967 2640 1034 2716 his,
1087 2657 1146 2707 uae

142 2730 385 2804 composuerat,
406 2719 550 2801 protulit,
566 2719 605 2780 ad
617 2718 763 2780 ultimum
778 2741 841 2782 nou
856 2721 1010 2782 memoria
1031 2659 1146 2800 scium,

140 2903 353 2924 b—--—.-...

142 3025 145 3032 '
215 3018 243 3086 1)
263 3021 296 3068 al.
315 3017 445 3068 vertitur.

214 3085 243 3154 4)
261 3085 337 3135 Frslr.
352 3095 466 3154 praesto
483 3083 624 3156 adforent.

146 3167 149 3175 ¹
206 3161 229 3224 ¹'l
264 3152 334 3203 idem
355 3163 412 3202 tum
431 3171 516 3224 quoq.
546 3183 579 3194 -
604 3169 656 3223 pro
676 3154 821 3208 recruduit
838 3157 896 3210 Pal.
916 3160 940 3210 3.
958 3159 1025 3208 Mer.
1048 3171 1144 3206 recen·

147 3217 269 3290 ciruitu--¹
287 3221 315 3268 Β.
338 3225 360 3270 ι’.
380 3233 552 3290 suppuratus
570 3239 621 3291 pro
642 3237 790 3294 soporatus
812 3225 920 3278 defend.
942 3224 1093 3276 Frshemio.

135 3305 150 3359 Ι·
203 3292 255 3350 ‘Sl
266 3285 442 3356 Frslnquum
459 3301 519 3356 pro'
531 3307 706 3360 quamquam,
722 3291 795 3360 quod
813 3303 882 3374 optt.
900 3293 993 3344 Ccdd..
1006 3292 1149 3363 exhibent,

148 3381 180 3390 -
200 3355 272 3405 idem
291 3357 376 3406 omitt.
398 3369 486 3406 tumen
509 3367 570 3410 tute
595 3357 743 3411 haesitans.
772 3387 803 3396 -
823 3360 903 3425 ,idem
930 3359 1025 3412 ex‘r'is
1052 3367 1146 3410 contra

148 3431 218 3491 optt.
236 3423 335 3490 eada,
354 3430 381 3476 et
398 3425 434 3476 ita
452 3426 538 3493 paulu,
552 3435 624 3494 post.

40 3663 135 3696 A
