2688 3872
403 389 449 446 us
463 388 703 482 'cumcurn
724 386 760 454 x,
780 368 807 446 s.
1047 396 1116 456 ssi,

86 617 89 623 ¹
119 547 317 615 sustinuerat,
337 541 524 606 'humiliores
546 553 675 630 quoque
698 555 774 598 reos
797 547 909 600 eontra
933 557 1023 601 sumn
1043 551 1133 604 ro-ss

118 629 280 700 luntatem,
300 625 374 708 quia
394 619 511 684 ceteris
533 615 721 678 videbantur
740 616 890 693 insontes,
951 638 1021 678 ssus
1042 621 1094 682 ab·

119 707 223 782 solvis
250 705 393 766 hostibus
418 699 510 762 victis
535 717 633 779 regna
657 695 856 756 reddiderata
880 637 1135 764 adaultimumtt

117 801 222 850 tamen
241 787 285 846 ita
306 783 343 844 ab
359 779 527 918 semetipso
543 775 756 860 degenerarit,
776 788 822 846 ut,
842 776 975 839 invictus
996 801 1094 864 quon-

119 869 189 930 dam
208 865 374 925 'adversus
410 859 467 920 libi
490 861 572 920 inem
600 856 709 934 animi,
735 855 865 938 arbitrio
901 859 998 919 scorti
1028 863 1094 924 aliis

118 969 216 1031 regna
236 945 336 1020 daret,
357 941 422 1016 aliis
444 939 595 1000 adimeret
618 937 722 1001 vitam
783 935 784 939 ¹
899 949 902 956 ’

97 1048 100 1054 ·
194 1024 309 1084 lisdem
335 1021 407 1084 fere
437 1019 549 1082 diebus
576 1017 742 1078 litterasa
773 1020 880 1080 Coeno
908 1018 1023 1102 accipit
1049 1021 1089 1084 dc
1116 1036 1136 1098 6

119 1107 216 1170 rebus
237 1105 268 1170 in
289 1105 418 1184 Europa
439 1111 472 1161 et
491 1098 564 1159 Asia
584 1097 690 1181 gestis,
705 1096 780 1158 dum
799 1098 866 1179 iple
888 1098 1002 1160 Indiam
1025 1103 1097 1164 sub·

120 1187 196 1269 egit.
236 1187 283 1246 Zo
306 1183 395 1263 yrio,
432 1179 584 1240 Thraciae
604 1179 813 1261 praepositus,
835 1197 904 1240 urm
927 1181 1138 1262 expeditio-at

119 1287 193 1328 nem
216 1265 247 1326 in
299 1275 362 1325 etas
383 1263 523 1342 faceret,
548 1258 786 1342 tempestatibus
813 1260 1027 1346 procellisque
1048 1283 1098 1324 su·

120 1346 188 1408 bito
210 1343 337 1422 coortis,
370 1365 440 1406 cum
460 1353 530 1406 toto
552 1339 693 1400 exercitu
712 1359 883 1422 oppressus
909 1353 988 1407 erat.
1028 1343 1137 1428 Quale

122 1425 248 1508 cognita
268 1425 366 1500 clade,
387 1422 522 1490 Seuthes
538 1419 675 1502 Odrysas
695 1421 871 1502 populares
888 1442 962 1483 suos
985 1423 1024 1496 ad
1045 1427 1098 1487 de·

123 1506 298 1568 lectionem
320 1504 526 1584 compulerat.
557 1501 680 1565 Amissa
702 1502 934 1582 propemodum
955 1503 1099 1586 Thracia,
1123 1499 1126 1505 ’

122 1607 162 1650 nc
187 1582 320 1648 Graecia
341 1583 466 1668 quidem
489 1581 507 1618 *²
528 1580 547 1617 ⁴¹¹
651 1647 653 1654 χ
961 1576 968 1607 ·”

124 1691 291 1765 [tumultibus
322 1689 480 1739 inconcussa
502 1684 605 1734 mansit.
657 1684 723 1732 Nam
754 1681 917 1749 Alexander,
949 1690 1038 1755 punita
1058 1693 1119 1742 sas

122 1774 164 1814 tra
184 1776 259 1812 orum
277 1755 443 1826 quorundam
465 1753 614 1813 insolentia,
633 1767 730 1818 quam,
760 1749 822 1800 dum
846 1754 874 1801 ln
891 1762 1010 1806 extremo
1033 1760 1099 1810 orbe

96 1837 98 1842 '
122 1833 155 1883 Iu
176 1845 252 1890 orum
270 1827 348 1890 armis
366 1822 508 1886 attinetur,
535 1835 592 1888 per¹
608 1834 707 1868 sumna
730 1820 832 1870 scelera
856 1828 935 1887 atquc
959 1825 1056 1890 flagitia
1073 1830 1100 1876 in

122 1897 298 1970 provinciales
309 1898 494 1956 exercuerant,
509 1889 539 1962 Ἰι)
556 1893 705 1938 ceterorum
719 1895 817 1936 metum
828 1888 990 1942 intenderat:
1007 1895 1052 1959 qui
1073 1895 1101 1943 in
1137 1937 1138 1942 ,

122 1967 232 2038 paribus
260 1962 365 2013 delictis
391 1957 463 2010 idem
486 1958 656 2008 admissorum
681 1953 826 2022 praemium
853 1965 1049 2024 exspectantes,
1073 1963 1101 2010 in

122 2032 352 2088 mercenariorum
377 2027 492 2078 militum
516 2025 598 2076 fidem
622 2021 826 2088 confugiebant,
845 2023 954 2074 illorum
971 2029 1100 2092 manibus,

124 2107 147 2157 si
163 2102 197 2154 ad
213 2099 374 2168 supplicium
394 2103 578 2164 poscerentur,
599 2092 710 2148 salutem
724 2105 797 2139 suam
814 2094 940 2156 tutaturi3
960 2105 1006 2145 aut
1019 2113 1101 2164 pecu.

124 2175 177 2236 nia,
196 2176 292 2238 quanta
310 2172 431 2234 poterat,
450 2172 566 2226 coacta,
582 2161 668 2226 lugam
689 2157 798 2208 inibant.
832 2160 858 2228 a)
883 2163 919 2210 Ea
943 2179 973 2213 re
998 2167 1103 2231 cognita
1164 2171 1166 2176 '

74 2297 77 2302 ,
123 2245 228 2294 litterae
247 2235 281 2288 ad
304 2249 395 2286 omnes
413 2233 490 2284 Asiae
508 2239 644 2302 praetores
662 2229 754 2277 missae
772 2236 849 2293 sunt,
868 2230 962 2296 quibus
979 2233 1102 2301 inspectis
1139 2267 1141 2274 ,

125 2331 140 2362 e
157 2307 266 2374 vestigio
285 2299 679 2369 omnesperegrinosmilites,
708 2297 751 2361 qui
769 2297 899 2364 stipendia
918 2301 965 2360 sub
983 2303 1045 2370 ipsis
1064 2303 1103 2352 la·
1135 2345 1137 2350 .

124 2385 225 2442 serent,
245 2373 379 2424 dimittere
398 2369 564 2434 iubebantur.
588 2368 651 2422 Erat
671 2364 699 2436 3)
717 2365 785 2417 inter
805 2383 850 2441 eos
868 2367 1006 2438 Harpalus,
1024 2389 1103 2438 quem

43 2531 46 2537 ι
132 2520 322 2542 Μ
372 2539 375 2544 Ι

178 2609 324 2677 erregna
350 2604 572 2656 reddiderat
593 2574 687 2652 Amst.¹
705 2607 732 2651 et
754 2601 859 2666 Zumpt.
879 2614 911 2650 en
929 2605 1008 2668 conl.';
1023 2605 1101 2655 Voss.
1136 2603 1138 2608 ’

126 2697 150 2732 a.
168 2689 194 2731 et
220 2680 304 2743 vulgg.
331 2672 444 2738 regndre
467 2671 596 2730 dixerat5
626 2676 693 2736 optt.
720 2665 809 2716 Coddr
834 2683 950 2731 regnare
978 2669 1103 2734 duxerat,

125 2747 197 2800 unde
213 2744 288 2798 Frsh.
310 2757 393 2806 regna
412 2739 568 2799 reduxerat,
587 2735 660 2804 quod
678 2735 706 2784 iu
724 2733 903 2801 antiquissimo
932 2739 980 2788 Ms.
1006 2737 1102 2796 Colon,
1134 2793 1138 2796 ,

127 2823 230 2869 exstare
247 2820 359 2863 testatur
375 2807 491 2857 Modius.

177 2882 221 2952 42)
240 2881 331 2932 locum
350 2875 389 2927 ad
405 2875 524 2926 ultricum
549 2884 598 2924 etc.
615 2871 752 2939 Zumptius
774 2867 808 2920 de
830 2871 985 2922 coniectura
1004 2873 1104 2924 consti·
1165 2920 1168 2924 ,

127 2954 188 3017 tuit,
208 2967 268 3002 curn
286 2951 314 2999 in
335 2945 411 2996 libris
435 2943 497 2994 Mss.
518 2945 668 3008 legeretur:
697 2935 736 2988 ad
761 2937 879 2988 nltt'rnum
902 2941 1042 2991 traiectum
1070 2940 1104 2990 ab

126 3020 266 3088 semetipso
285 3013 459 3082 degeneravit
476 3023 507 3060 ut
522 3012 551 3061 in
572 3005 707 3080 quoddam
724 3004 855 3057 adversus
871 3017 937 3069 etc.;
956 3009 982 3058 in
995 3011 1119 3077 vulgatis

128 3099 217 3142 autem
236 3088 288 3136 sic:
309 3081 349 3134 ud
359 3082 479 3133 saltimum
496 3095 513 3127 a
530 3079 669 3147 semetipso
687 3073 859 3141 degeneravit
876 3093 961 3146 usque
978 3076 1056 3140 adeo,
1074 3087 1105 3128 ut

198 3174 227 3206 rs
248 3173 270 3204 s.
292 3189 295 3197 ,

128 3157 277 3293 mimum.
299 3216 425 3272 necdum
445 3213 559 3264 Graecia
574 3209 690 3282 quidem,
708 3213 741 3268 al,
759 3210 856 3264 nedum
874 3213 1004 3277 Graecia,
1021 3211 1104 3266 modo
1137 3267 1142 3278 ,Ἰ

129 3295 264 3362 adscripto
281 3287 363 3342 modo
387 3284 485 3338 omisso
504 3285 615 3335 lacunae
632 3281 716 3347 signo.

197 3361 221 3430 ι)
239 3358 313 3414 Curt.
338 3369 378 3420 ιο,
399 3371 421 3418 ι,
442 3368 465 3404 ι.

195 3433 227 3493 a)
245 3424 377 3478 Plutarch.
397 3439 456 3491 cap.
480 3433 535 3487 ¹¹7·
552 3415 662 3472 Diodor.
685 3424 723 3484 ¹7,
746 3417 800 3473 106.
883 3436 886 3442 ·

101 3533 103 3537 v
196 3497 224 3566 3)
241 3493 375 3552 Plutarch.
394 3489 511 3561 cap.'16.
