2688 3872
460 347 505 402 ue
526 349 650 403 cesus
666 348 770 398 atax.
797 351 844 414 rx,
866 366 892 418 9.
1125 358 1172 408 us

257 494 343 557 Vicit
359 513 438 575 ergo
462 495 579 576 cupido
601 495 766 566 rationem,
789 505 831 572 et,
853 495 892 556 ad
914 497 1101 559 concionem
1117 511 1173 558 vo'·
1193 507 1215 566 8

175 575 253 635 catis
285 573 455 647 militibus,
500 575 540 634 ad
572 575 656 634 hunc
684 571 817 634 maxime
850 577 979 636 modum
1008 578 1172 638 disseruit:

174 655 246 716 Non
267 651 394 734 ignoro,
417 652 543 728 milites,
564 655 673 726 multa,
701 673 782 746 quae
802 664 929 715 terrere
953 675 1008 718 vos
1029 670 1173 736 possent,

175 735 214 794 ab
241 729 353 794 incolis
383 732 489 792 Indiae
522 737 581 812 per
611 731 670 792 hos
692 729 758 792 dtes
782 732 821 792 de
844 733 997 794 industria
1019 756 1089 795 esse
1110 737 1173 797 iae-

174 822 258 873 tata:
300 811 357 872 sed
386 833 448 870 uon
479 823 534 871 est·
559 812 730 891 improvisa
760 811 851 884 robis
881 814 1100 874 mentientium
1124 833 1212 878 vat-tt

99 899 101 904 ’
174 891 265 950 nitas.
311 889 363 950 Sic
386 891 515 950 Ciliciae
536 889 662 958 fauces,
692 891 736 950 sie
757 887 1008 970 Mesopotamiae
1030 913 1171 976 campos,

175 967 297 1052 Tigrim
321 981 354 1030 et
377 969 584 1050 Euphraten,
605 990 740 1050 quorum
763 969 897 1028 alterum
923 971 1004 1030 vado
1026 968 1172 1033 transivi-

174 1069 256 1123 mus,
278 1051 411 1110 alternm
458 1059 544 1118 onte,
564 1047 742 1109 terribilem
764 1047 908 1108 fecerant
929 1051 1057 1111 Persae.
1086 1055 1229 1113 Nun-aa'

201 1130 270 1188 uam
292 1128 330 1188 ad
355 1070 509 1208 liquidum
531 1125 614 1190 fama
640 1125 845 1207 perducitur:
876 1127 996 1200 omnia,
1028 1129 1081 1188 illa
1109 1143 1172 1190 tra-

176 1148 283 1282 dente,
306 1205 425 1267 maiora
448 1217 521 1266 sunt
542 1226 632 1270 vero.
673 1207 789 1266 Nostra
812 1212 943 1288 quoque
966 1207 1077 1288 gloria,
1100 1229 1173 1269 cum

174 1286 218 1346 ‘sit
239 1307 279 1347 ex
300 1285 412 1359 solido,
433 1286 505 1366 plus
525 1292 631 1345 tamen
651 1283 749 1344 habet
769 1287 915 1360 nominis,
938 1307 1032 1368 quam
1055 1288 1172 1367 operis.

175 1365 273 1426 Modo
295 1365 366 1448 quis
388 1365 499 1452 beluas
525 1364 701 1424 offerentes
731 1359 890 1425 moenium
918 1365 1077 1446 speciem,
1102 1367 1214 1450 quius

176 1445 347 1526 Hydaspen
371 1464 512 1518 amnem,
541 1441 611 1526 quis
638 1455 746 1504 cetera
774 1443 883 1503 auditu
912 1447 1048 1517 maiora,
1078 1461 1172 1528 quarn

174 1543 267 1596 vero,
290 1523 447 1583 sustinere
469 1543 564 1603 posse
586 1520 764 1582 credebat?
787 1521 871 1581 Olim
887 1522 1021 1584 hercule
1039 1523 1173 1606 fugisse·

176 1623 246 1662 mus
269 1623 307 1662 ex
321 1601 407 1670 Asia,
428 1597 454 1660 si
468 1619 525 1660 nos
547 1600 675 1660 l'abulae
700 1601 863 1661 debellare
885 1605 1072 1682 potuissent.
1096 1607 1209 1665 Cre-¹6

179 1681 294 1742 ditisne
326 1679 569 1760 elephantorum
591 1697 706 1760 greges
728 1680 865 1744 maiores
887 1700 974 1754 esse,
1006 1705 1100 1763 quam
1121 1697 1173 1744 u's·

199 1783 269 1820 uam
293 1773 508 1820 armentorum
530 1756 625 1816 sunt?
648 1777 717 1816 cum
741 1770 773 1817 et
794 1779 901 1818 rarum
915 1761 954 1819 sit
969 1761 1092 1834 animal,
1115 1783 1173 1824 uec

174 1782 269 1900 dacile
299 1839 458 1918 capiatur,
487 1833 832 1918 multoque-‹lillieilius
854 1838 1028 1918 mitigetur.
1075 1842 1211 1922 Atquin

176 1916 287 1979 eadem
310 1913 428 1978 vanitas
450 1916 557 1996 copias
580 1913 723 1994 peditum
753 1913 961 1998 equitumque
981 1920 1171 1978 numeravit.

173 1995 252 2057 Nam
272 1992 406 2066 flumen,
428 2015 493 2080 quo
517 1993 608 2053 latius
633 1991 739 2052 susum
761 2005 820 2066 est,
842 1986 905 2053 hoc
917 1989 1073 2074 placidius
1089 2008 1172 2079 stega

174 2089 243 2137 nat:
288 2077 394 2157 'uippe
423 2075 563 2156 angustis
591 2072 670 2152 ripis
700 2072 873 2148 coercita,
893 2084 926 2132 et
951 2073 983 2132 in
1010 2076 1171 2154 angustio-

176 2176 245 2216 rem
268 2097 392 2216 dlveum
423 2155 518 2223 elisa,
547 2161 710 2212 torrentes
739 2155 835 2233 aquas
864 2137 1032 2228 intelam
1063 2165 1171 2214 eontra
1195 2159 1197 2162 ’

175 2230 277 2316 spatio
314 2235 396 2294 alvei
417 2223 559 2315 segnior
592 2249 703 2306 cursus
736 2243 794 2292 est.
843 2233 1017 2291 Praeterea
1044 2231 1075 2290 in
1103 2235 1210 2314 ripam

174 2333 270 2392 omne
299 2313 478 2394 periculum
506 2311 571 2386 est,
613 2307 668 2368 ubi
698 2309 892 2388 applicantes
919 2311 1042 2390 navigia
1071 2311 1170 2374 hostis

177 2404 353 2472 exspectat.
376 2396 421 2452 lta
442 2403 721 2526 quantumcunpue
744 2385 862 2450 llume'n
883 2388 1065 2464 intervenit,
1085 2393 1172 2451 idem

174 2470 319 2545 futurum
341 2463 511 2532 discrimen
532 2481 580 2528 est
601 2488 659 2528 era
685 2462 803 2526 entium
822 2469 855 2528 in
876 2472 1007 2528 terram:

254 2547 318 2609 Sed
340 2552 444 2610 omnia
465 2547 524 2610 ista
547 2562 624 2609 tera
649 2553 719 2606 esse
740 2543 903 2626 fingamus.
933 2547 1088 2606 Utrumne
1109 2567 1167 2607 vos
1189 2555 1209 2615 9

175 2626 357 2708 magnitudo
386 2625 572 2700 beluarum,
614 2621 651 2684 an
679 2623 850 2686 multitudo
879 2625 1018 2689 hostium
1047 2624 1172 2684 terret?

177 2705 276 2788 Quod
292 2705 433 2784 pertinet
447 2704 487 2766 ad
503 2703 700 2784 elephantos,
722 2709 872 2782 praesens
894 2701 1044 2762 habemus
1067 2716 1185 2764 exems'

176 2781 282 2863 plum:
304 2784 336 2841 in
357 2805 431 2844 suos
448 2784 678 2855 vehementius,
722 2803 791 2840 uam
807 2782 838 2842 in
859 2803 928 2856 nos,
949 2782 1172 2859 incurrerunt3

175 2873 240 2921 tam
262 2869 346 2923 'vasta
362 2874 502 2944 corpora
521 2861 686 2923 securibus
700 2803 902 2946 lalcibusquc
926 2861 1069 2922 mutilata
1090 2873 1170 2924 sunt.
1205 2873 1210 2879 ‘

156 3188 158 3194 .
228 3138 271 3209 iti)
292 3137 369 3198 Voss.
396 3139 421 3202 2¹.
446 3137 531 3197 omitt.
560 3159 585 3196 et
612 3139 671 3198 aule
696 3155 806 3206 rerum
833 3141 867 3196 tl.
895 3135 1019 3197 linerent
1055 3142 1087 3196 ad
1114 3145 1170 3199 Cic.

174 3216 278 3268 Aeadd.
298 3217 331 3279 lI,
352 3216 392 3281 76.
413 3216 446 3266 de
465 3217 528 3265 stan.
547 3217 631 3265 Bonn.
651 3216 698 3272 ΠΙ,
720 3217 761 3278 15,
781 3217 823 3272 50,
843 3231 868 3281 ρ.
885 3213 944 3270 376.

229 3283 272 3352 ¹7)
292 3279 374 3334 Voss.
393 3289 417 3337 2.
435 3275 535 3349 lrunsp.
555 3281 597 3334 est
605 3281 715 3351 fusmu.
728 3310 758 3320 —
776 3281 835 3331 Mer
867 3282 1012 3330 coercitum
1031 3285 1056 3331 'el
1076 3282 1171 3332 elisum

173 3367 234 3401 curn
254 3350 466 3416 rerbelr'urelu't.
494 3378 526 3386 -
557 3368 607 3418 pro
627 3349 821 3419 spntt'e,quod
841 3350 1019 3398 'videturesse
1039 3365 1069 3398 ex
1088 3351 1169 3412 cerni,
1226 3353 1228 3363 ’

173 3417 262 3472 codd.
281 3419 375 3474 statie.
