2688 3872
393 357 404 374 κ
435 351 480 401 ra
501 348 624 402 orsus
643 351 744 402 ausu.
762 350 809 415 rx,
828 351 869 400 as.
1108 355 1154 406 aas

236 477 372 576 lamque
388 515 451 577 uox
473 493 663 576 appetebat,
692 505 725 554 et
753 515 864 578 regern
886 499 1017 580 quoque
1042 494 1196 576 despite-37

156 575 237 636 ratio
266 575 376 636 salutis
404 573 603 655 aegritudine
633 572 797 634 affecerat.
839 577 908 635 Non
936 587 1039 636 tamen
1060 574 1155 634 invic-

147 667 223 724 tum
245 653 382 714 animum
403 675 500 714 curae
523 653 679 728 obruunt,
708 654 784 734 quin
805 665 872 713 tota
893 667 989 716 nocte
1013 653 1155 736 perside·

153 747 203 794 ret
223 735 255 794 in
281 734 439 812 speculis,
470 733 657 816 equitesque
685 733 908 812 praemitteret
929 733 968 792 ad
989 755 1025 794 os
1048 733 1154 804 amnis,

154 825 207 884 ut,
237 833 310 872 cum
337 832 425 872 mare
464 823 650 872 exaestuare
688 813 876 880 sensissent,
912 813 1152 892 praecederent.

150 892 284 974 Navigia
301 911 435 973 quoque
458 903 491 951 et
512 893 649 950 lacerata
670 890 777 965 refici,
806 903 839 951 ct
864 911 974 952 eversa
1002 890 1195 954 lluctibusat

142 969 235 1053 erigi
261 968 367 1045 iubet,
388 982 581 1062 paratosque
607 989 678 1030 esse
704 982 736 1030 et
756 971 915 1038 intentos,
948 991 1020 1030 cum
1041 990 1153 1030 rursus

153 1070 239 1110 mare
261 1059 365 1108 terras
394 1049 586 1112 inundasset.
628 1052 710 1108 Tota
738 1070 775 1110 ea
803 1061 896 1110 nocte
924 1050 1007 1108 inter
1030 1050 1193 1130 vigiliasas

153 1128 454 1210 adhortationesque
473 1141 652 1196 consumta,
677 1130 826 1190 celeriter
848 1140 880 1190 et
896 1129 1021 1212 equites
1036 1129 1155 1210 ingenti

143 1227 252 1268 -cursu
280 1206 454 1288 refugere,
484 1221 517 1268 et
544 1218 672 1268 secutus
700 1221 748 1268 est
777 1220 895 1269 aestus.
952 1208 1015 1286 Qui
1048 1207 1153 1289 primo

154 1287 242 1368 aquis
269 1287 333 1346 leni
361 1299 467 1348 tractu
493 1287 701 1347 subeuntibus
738 1287 846 1370 coepit
877 1289 990 1349 levare
1017 1286 1153 1368 navigia,

153 1387 226 1426 mox
261 1365 336 1425 totis
372 1367 490 1446 eampis
524 1367 675 1426 inundans
715 1369 809 1428 etiam
842 1367 968 1448 impulit
1008 1367 1153 1431 classem.

141 1445 353 1525 ¹Plaususque
383 1445 517 1506 militum
546 1446 744 1507 nauticorum
769 1468 828 1516 ue,
853 1447 1055 1528 insperatam¹
1073 1445 1193 1506 salu-26

142 1537 219 1586 ,tem
241 1522 414 1585 immodico
436 1525 667 1586 celebrantium
713 1471 817 1595 audio,
839 1527 988 1588 litoribus
1011 1526 1154 1646 ripisque

141 1602 330 1662 resonabat.
373 1603 622 1679 Undetantum
644 1548 782 1667 redisset
811 1605 917 1666 subito
947 1625 1053 1666 mare.
1089 1625 1153 1688 quo

139 1681 257 1762 pridie
287 1679 483 1762 refugisset?
526 1703 681 1763 quaenam
714 1695 799 1744 esset
828 1683 971 1744 eiusdem
1003 1684 1154 1745 elementi

151 1772 274 1836 natura,
295 1761 392 1820 modo
413 1760 553 1834 discors,
577 1763 673 1822 modo
694 1763 830 1843 imperio
851 1773 1033 1843 temporum
1055 1764 1154 1824 obno-

151 1839 223 1900 xia?
250 1838 429 1906 mirabundi
456 1839 675 1920 requirebant.
717 1845 789 1901 Rex
819 1862 960 1901 cumvex
984 1862 1042 1910 eo,
1064 1842 1191 1924 quod2⁷

154 1919 333 1994 acciderat,
356 1919 568 1995 coniectaret,
597 1932 672 1999 post
703 1921 779 1980 solis
807 1928 913 1980 ortum
935 1931 1051 1979 statum
1072 1932 1155 1981 tem·

151 2019 211 2078 pus
235 2017 316 2066 esse,
337 1999 442 2058 media
459 2011 566 2073 nocte,
587 2011 623 2058 ut
640 2012 761 2059 aestum
783 2011 968 2080 occuparet,
991 2017 1062 2058 cum
1076 2021 1153 2080 pau·

152 2079 196 2138 cis
224 2078 358 2158 navigiis
391 2077 534 2138 secundo
567 2099 658 2138 amne
688 2077 831 2139 defluxit.
881 2081 1088 2160 Evectusque
1118 2099 1154 2138 os

140 2159 222 2218 'eius
260 2157 493 2240 quadringenta
522 2157 618 2217 stadia
645 2159 804 2239 processit
829 2158 861 2217 in
886 2178 990 2232 mare,
1026 2159 1154 2218 tandem

153 2238 220 2298 voti
242 2237 291 2296 sui
314 2256 466 2318 compos3
493 2237 758 2322 praesidibusque
781 2238 927 2298 etmaris
950 2249 983 2297 et
1006 2236 1155 2299 locorum

63 2324 77 2338 “
152 2319 222 2378 Diis
247 2317 406 2378 sacrificio
427 2316 525 2383 facto,
551 2318 590 2377 ad
615 2319 746 2378 classem
768 2317 875 2381 rediit.

152 2455 170 2492 x
305 2397 578 2459 Hincadversum
602 2394 721 2458 flumen
746 2398 832 2458 subit
853 2397 972 2470 classis,
993 2407 1036 2456 et.
1051 2392 1194 2458 alter038

155 2483 182 2563 ι’
225 2473 277 2534 die
305 2477 437 2558 appulsa
467 2487 516 2536 est
558 2476 644 2556 haud
679 2478 794 2558 procul
828 2477 900 2536 lacu
929 2475 1031 2551 salso,
1064 2478 1154 2536 cuius

153 2555 311 2636 incognita
338 2567 450 2616 natura
477 2556 653 2638 plerosque
683 2555 813 2635 decepit
840 2554 1153 2635 temere-ingressos

157 2696 350 2706 ...una—2..—

156 2747 160 2763 '
202 2753 246 2821 23)
265 2753 339 2804 Frslr.
358 2759 509 2816 contraFl.
528 2755 606 2808 Leid.
625 2757 701 2805 Voss,
723 2770 746 2806 1.
769 2757 946 2825 praesideret.
978 2760 1013 2796 -'
1029 2759 1107 2811 Voss.
1126 2768 1151 2816 2.

140 2819 333 2888 suspecturus
352 2840 403 2891 pro
430 2827 459 2874 iu
488 2824 620 2892 speculis,·
642 2822 740 2874 deinde
768 2825 843 2874 Frsh.
870 2823 1033 2894 procederet
1057 2838 1152 2879 contra

154 2891 274 2954 quinque
294 2887 383 2954 qud.
690 2925 696 2932 -

205 2956 250 3022 94)
268 2958 343 3009 Frsb.
359 2961 432 3020 mule
449 2960 537 3010 omitt.
558 2969 584 3008 et
603 2967 665 3010 ante
684 2960 816 3009 lacerata.
836 2987 869 3000 -
895 2958 928 3012 P.
953 2962 1042 3013 omitt·
1062 2975 1151 3014 terras

139 3031 213 3074 ,ante
232 3024 404 3075 inundasset.

201 3083 249 3154 uffa)
268 3095 346 3158 vulgo
366 3094 454 3146 omitt.
475 3103 579 3144 etanta
599 3095 721 3160 spiritam
755 3102 849 3143 contra
878 3093 906 3142 P.
927 3093 1105 3168 ordinatorque
1125 3109 1150 3147 et
1167 3111 1191 3161 't

151 3161 232 3228 equit.
253 3187 285 3198 -
305 3176 429 3228 perverse
448 3161 536 3210 Codd.
556 3159 733 3213 z'utmcluntes.
942 3185 946 3190 ·
1174 3189 1178 3200 ν

202 3227 248 3291 26)
268 3230 440 3279 rrurtts'corum
458 3231 514 3279 sine
535 3246 585 3296 qne
611 3231 650 3277 Fl.
669 3227 744 3278 Leid.
765 3229 842 3278 Voss.
865 3247 886 3279 ι.
904 3245 927 3282 2.
948 3234 1005 3282 Pal.
1028 3214 1190 3298 1.Bong.-‘

128 3303 133 3316 ’
200 3295 245 3358 27)
270 3294 321 3346 boc
341 3296 421 3346 ctiam
442 3297 504 3346 loco
526 3299 558 3344 al.
579 3306 711 3345 statutum
730 3311 780 3362 pro
801 3307 912 3351 statum.
1033 3357 1039 3361 ¹
1169 3360 1172 3366 Ι

220 3362 334 3428 1)Frsl1.
355 3365 506 3428 contrafl.
530 3363 607 3415 Leid.
633 3364 708 3414 Voss.
745 3380 766 3412 1.
794 3380 818 3417 2.
848 3366 947 3432 ignoto
973 3381 1023 3434 pro
1053 3361 1171 3437 taarog-ff

470 3439 475 3450 ‘
1103 3442 1111 3464 N

157 3429 223 3476 nitu.
