2688 3872
206 369 254 422 sm
575 362 608 426 Q.
627 360 744 412 euaru
761 361 839 410 ausu

164 521 204 586 40
285 514 369 570 intra
390 505 558 587 septimum
586 505 671 566 diem
698 499 848 580 cavernas
869 505 1091 586 expleverant,
1125 528 1198 569 cum

204 611 262 652 rex
283 587 460 672 sagittarios
482 591 515 645 et
533 585 690 665 Agrianos
713 585 803 648 iubet
846 605 881 646 er
903 585 999 644 ardua
1021 588 1087 652 niti.
1108 588 1205 647 luve-·

205 689 327 752 aesque
355 664 585 761 promtissimos
619 685 660 736 ex
695 687 750 725 sua
786 606 922 726 coborte
951 663 1041 725 XXX
1070 665 1200 748 delegit,

173 752 313 810 soDuees
333 747 382 806 has
404 744 469 804 dati
497 751 569 804 sunt
589 739 709 804 Charus
738 755 771 803 et
798 741 996 818 Alexander,
1021 764 1115 827 quem
1143 765 1204 804 rex

205 819 350 900 nominis,
374 822 460 908 quod
482 822 542 882 sibi
564 843 636 882 eum
661 843 700 884 eo
722 827 889 883 'commune
911 835 1005 898 esset,
1027 823 1201 886 admonuit.

205 910 257 968 Ae
277 907 390 987 primo,
411 905 561 997 quietam
576 901 780 962 manifestum
800 901 978 982 periculum
1000 909 1076 978 erat,
1097 903 1202 982 ipsum

171 1004 242 1046 ure
266 1007 316 1047 em
338 984 508 1045 discrimen
536 979 644 1040 subire
670 1003 732 1043 non
761 980 894 1061 placuit:
922 980 979 1040 sed
1011 993 1046 1040 ut
1078 982 1203 1063 signum

207 1007 285 1125 tuba
309 1065 417 1124 datum
438 1073 503 1136 est,
532 1061 582 1118 vir
602 1059 761 1120 audaciae·
778 1071 922 1141 promtae
961 1076 1134 1122 conversus
1162 1060 1203 1121 ad

208 1145 354 1225 corporis
375 1141 524 1202 custodes
551 1159 584 1198 se
609 1139 641 1196 ui
669 1161 704 1200 se
728 1139 839 1215 iubet,
895 1138 1057 1221 rimasque
1084 1139 1203 1198 invadit

207 1223 239 1283 in
260 1243 386 1303 rupem.
425 1223 492 1279 Nec
514 1159 628 1278 deinde
657 1219 823 1300 quisquam
852 1160 1060 1277 ldacedonum
1087 1217 1202 1277 substi-

207 1303 257 1376 tit,
278 1300 463 1381 relictisque
484 1296 669 1357 stationibus
691 1318 748 1356 sua
768 1307 881 1378 sponte
902 1315 1012 1377 regem
1025 1296 1204 1380 sequeban-

170 1393 270 1443 aatur.
311 1379 484 1438 Multorum
504 1376 692 1436 miserabilis
720 1375 782 1435 fuit
808 1396 913 1450 casus,
941 1397 1022 1458 quos
1050 1397 1089 1436 ex
1112 1397 1207 1456 prae-

207 1471 301 1538 rupta
328 1477 410 1536 rupe
440 1456 546 1536 lapsos
573 1456 669 1514 amnis
703 1454 935 1534 praeterfluens
962 1455 1082 1528 bausit,
1111 1455 1202 1514 triste

176 1563 180 1600 ·.
207 1537 424 1617 spectaculum
447 1533 538 1594 etiam
560 1557 621 1595 non
642 1535 909 1614 periclitantibus3
934 1554 1006 1594 cum
1027 1555 1106 1595 vero
1128 1534 1202 1593 alie·

207 1637 247 1676 no
270 1615 383 1690 exitio,
404 1615 481 1698 quid
508 1614 583 1694 ipsis
611 1613 785 1697 timendum
810 1613 913 1686 soret,
947 1607 1206 1686 admonerentur,

207 1695 238 1754 in
259 1707 379 1754 metum
400 1693 622 1754 misericordia
641 1713 751 1768 versa,
767 1713 842 1771 'non
857 1693 1048 1767 exstinctos,
1075 1692 1132 1752 sed
1153 1712 1202 1752 sc-

87 1815 90 1830 1
172 1773 372 1853 temetipsos,
393 1770 560 1834 dellebant.
601 1773 645 1832 Et
664 1772 724 1831 iam
746 1792 785 1832 eo
806 1783 998 1852 perventum
1019 1783 1097 1846 erat,
1116 1771 1203 1832 unde.

209 1853 275 1912 sine
296 1853 438 1933 pernicie
458 1849 516 1912 nisi
537 1851 675 1912 victores
697 1850 804 1912 redire
827 1873 891 1913 non
916 1863 1060 1931 possent,
1093 1851 1201 1931 ingen-

208 1933 252 1992 tia
279 1953 352 1992 saxa
384 1933 416 1992 in
445 1931 616 1991 subeuntes
644 1931 909 2010 provolventibus
938 1929 1093 2004 barbaris,
1132 1930 1203 2021 quis

233 2013 347 2072 erculsi
367 2011 502 2072 instabili
525 2021 557 2069 et
577 2009 711 2069 lubrico
740 2010 842 2089 gradu
868 1999 976 2089 praeci
999 2008 1058 2068 ites
1079 2009 1202 2068 recide·

177 2031 293 2153 tabant.
334 2092 510 2151 Evaserant
543 2098 647 2146 tamen
677 2089 857 2147 Alexander
887 2101 919 2150 et
947 2030 1086 2162 (Iberus,
1123 2108 1203 2169 quos

210 2189 281 2229 cum
303 2170 392 2228 XXX
415 2168 547 2227 delectis
576 2167 785 2245 praemiserat
804 2185 879 2240 rex,
907 2171 939 2227 et
971 2167 1030 2226 iam
1083 2185 1203 2248 ugnare

210 2247 352 2306 cominus
374 2255 562 2324 coeperant3
591 2242 648 2302 sed
670 2263 740 2302 cum
761 2265 900 2326 superne
921 2244 984 2305 tela
1006 2188 1133 2304 barbari
1157 2244 1202 2304 iu-

232 2337 370 2396 ercrent‚
391 2325 516 2460 saepius
537 2322 596 2402 ipsi
616 2321 832 2399 feriebantur,
847 2345 955 2406 ·quam
983 2325 1200 2384 vulnerabant.

176 2345 297 2484 &firgo
320 2403 439 2462 Alexan
465 2425 516 2469 er,
552 2411 584 2460 et
611 2401 744 2478 nominis
772 2403 819 2461 'aui
847 2416 880 2463 et
900 2403 1048 2484 promissi
1069 2421 1204 2477 memor,

209 2479 283 2541 dum
305 2481 408 2541 aerius
429 2502 522 2562 quam
549 2479 669 2555 cautius
693 2475 837 2554 dimicat,
867 2481 1032 2543 confossus
1059 2481 1204 2564 undique

176 2559 370 2622 ttobruitur.
412 2560 514 2639 Quem
535 2571 571 2619 ut
593 2557 713 2616 Charus
734 2559 889 2621 iacentem
909 2560 1084 2640 conspexit,
1105 2566 1211 2620 ruere

196 2639 240 2702 ,in
260 2639 411 2714 bostem,¹
428 2641 567 2712 omnium
588 2650 718 2716 praeter
738 2638 890 2700 ultionem
916 2640 1099 2708 immemor,
1129 2659 1202 2700 coes

208 2717 270 2798 pit,
292 2720 474 2804 multosque
503 2715 609 2794 hasta,
638 2716 791 2798 quosdam
811 2712 917 2800 gladio
939 2714 1117 2798 interemit3
1145 2711 1202 2778 sed

212 2843 387 2866 h—-u-a-n—

276 2941 307 3005 9)
325 2941 359 2990 al.
379 2941 444 3008 legit
456 2944 498 2992 vel
516 2930 603 3008 elegit.

263 3008 353 3088 10)·Ρ.
374 3018 472 3074 transp.
493 3018 629 3060 romanum
654 3026 714 3060 cum
731 3030 761 3062 ao
781 3021 870 3074 assata·
892 3009 971 3065 Voss·
995 3032 1020 3072 α.
1046 3027 1116 3068 esset
1142 3035 1202 3069 cum

207 3089 250 3133 so,
270 3091 367 3124 omisso
386 3092 532 3130 commune,

261 3140 304 3208 11)
323 3143 400 3192 Voss.
418 3160 442 3192 a.
462 3152 564 3210 transp.
585 3142 679 3195 datum
700 3157 741 3195 est
760 3146 836 3208 tubo.
853 3174 886 3188 -
904 3151 997 3205 evadit
1014 3151 1045 3207 F.
1062 3179 1096 3192 -
1113 3167 1202 3220 regem

209 3223 261 3259 sua
278 3227 291 3258 s
312 3220 373 3258 onte
391 3219 455 3260 mut.
475 3211 534 3272 ord.
553 3211 583 3263 P.
755 3269 757 3272 ¹

260 3282 290 3332 12
322 3283 389 3342 optt.
409 3275 497 3327 Codd.
516 3279 600 3334 omitt.
619 3281 792 3331 miserabilis.

259 3347 303 3400 13)
321 3343 399 3398 Voss,
418 3359 442 3392 a.
460 3349 591 3411 percussi.

260 3411 305 3474 26)
323 3412 401 3476 vulgo
421 3420 513 3461 contra
532 3413 599 3482 oplt.
618 3413 707 3464 Codd.
725 3415 852 3480 respexit.
