<?xml version="1.0" encoding="UTF-8"?>
<!DOCTYPE html PUBLIC "-//W3C//DTD XHTML 1.0 Transitional//EN"
    "http://www.w3.org/TR/xhtml1/DTD/xhtml1-transitional.dtd">
<html xmlns="http://www.w3.org/1999/xhtml" xml:lang="en" lang="en">
 <head>
  <title>
</title>
<meta http-equiv="Content-Type" content="text/html;charset=utf-8" />
  <meta name='ocr-system' content='tesseract 3.04.00' />
  <meta name='ocr-capabilities' content='ocr_page ocr_carea ocr_par ocr_line ocrx_word'/>
</head>
<body>
  <div class='ocr_page' id='page_1' title='image "./degestisalexand00baumgoog_0034.png"; bbox 0 0 2686 3876; ppageno 0'>
   <div class='ocr_carea' id='block_1_1' title="bbox 207 355 859 434">
    <p class='ocr_par' dir='ltr' id='par_1_1' title="bbox 207 355 859 434">
     <span class='ocr_line' id='line_1_1' title="bbox 207 355 859 434; baseline 0.002 -17"><span class='ocrx_word' id='word_1_1' title='bbox 207 372 242 426; x_wconf 77' lang='lat' dir='ltr'><strong>tt</strong></span> <span class='ocrx_word' id='word_1_2' title='bbox 547 366 581 434; x_wconf 84' lang='lat' dir='ltr'><strong>Q.</strong></span> <span class='ocrx_word' id='word_1_3' title='bbox 609 365 727 418; x_wconf 81' lang='lat' dir='ltr'><strong>conrn</strong></span> <span class='ocrx_word' id='word_1_4' title='bbox 753 355 859 418; x_wconf 71' lang='lat' dir='ltr'><strong>aori</strong></span> 
     </span>
    </p>
   </div>
   <div class='ocr_carea' id='block_1_2' title="bbox 105 511 1240 2838">
    <p class='ocr_par' dir='ltr' id='par_1_2' title="bbox 105 511 1240 2838">
     <span class='ocr_line' id='line_1_2' title="bbox 207 511 1203 604; baseline 0.005 -28"><span class='ocrx_word' id='word_1_5' title='bbox 207 515 337 604; x_wconf 84' lang='lat' dir='ltr'><strong>quidem</strong></span> <span class='ocrx_word' id='word_1_6' title='bbox 362 515 481 599; x_wconf 78' lang='lat' dir='ltr'><strong>laetus,</strong></span> <span class='ocrx_word' id='word_1_7' title='bbox 516 515 558 577; x_wconf 87' lang='lat' dir='ltr'><strong>de</strong></span> <span class='ocrx_word' id='word_1_8' title='bbox 585 514 746 596; x_wconf 76' lang='lat' dir='ltr'><strong>Spartanis</strong></span> <span class='ocrx_word' id='word_1_9' title='bbox 780 511 1025 600; x_wconf 75' lang='lat' dir='ltr'><strong>haudquaquam</strong></span> <span class='ocrx_word' id='word_1_10' title='bbox 1058 535 1203 596; x_wconf 68' lang='lat' dir='ltr'><strong>mortus,</strong></span> 
     </span>
     <span class='ocr_line' id='line_1_3' title="bbox 205 595 1203 680; baseline 0 -22"><span class='ocrx_word' id='word_1_11' title='bbox 205 615 319 680; x_wconf 83' lang='lat' dir='ltr'><strong>magno</strong></span> <span class='ocrx_word' id='word_1_12' title='bbox 340 608 444 656; x_wconf 88' lang='lat' dir='ltr'><strong>tamen</strong></span> <span class='ocrx_word' id='word_1_13' title='bbox 466 595 569 658; x_wconf 86' lang='lat' dir='ltr'><strong>animo</strong></span> <span class='ocrx_word' id='word_1_14' title='bbox 590 595 753 656; x_wconf 71' lang='lat' dir='ltr'><strong>delectum</strong></span> <span class='ocrx_word' id='word_1_15' title='bbox 769 616 881 658; x_wconf 89' lang='lat' dir='ltr'><strong>eorum</strong></span> <span class='ocrx_word' id='word_1_16' title='bbox 901 598 984 671; x_wconf 86' lang='lat' dir='ltr'><strong>tulit,</strong></span> <span class='ocrx_word' id='word_1_17' title='bbox 999 596 1118 673; x_wconf 83' lang='lat' dir='ltr'><strong>dicens,</strong></span> <span class='ocrx_word' id='word_1_18' title='bbox 1138 618 1203 660; x_wconf 88' lang='lat' dir='ltr'><strong>non</strong></span> 
     </span>
     <span class='ocr_line' id='line_1_4' title="bbox 205 671 1240 760; baseline 0 -24"><span class='ocrx_word' id='word_1_19' title='bbox 205 688 291 759; x_wconf 77' lang='lat' dir='ltr'><strong>anta</strong></span> <span class='ocrx_word' id='word_1_20' title='bbox 306 697 397 738; x_wconf 85' lang='lat' dir='ltr'><strong>ausos</strong></span> <span class='ocrx_word' id='word_1_21' title='bbox 427 677 555 738; x_wconf 88' lang='lat' dir='ltr'><strong>consilia</strong></span> <span class='ocrx_word' id='word_1_22' title='bbox 586 671 725 750; x_wconf 79' lang='lat' dir='ltr'><strong>nudare,</strong></span> <span class='ocrx_word' id='word_1_23' title='bbox 756 698 850 758; x_wconf 87' lang='lat' dir='ltr'><strong>qnam</strong></span> <span class='ocrx_word' id='word_1_24' title='bbox 870 677 974 760; x_wconf 87' lang='lat' dir='ltr'><strong>ipsum</strong></span> <span class='ocrx_word' id='word_1_25' title='bbox 995 677 1036 738; x_wconf 87' lang='lat' dir='ltr'><strong>ad</strong></span> <span class='ocrx_word' id='word_1_26' title='bbox 1055 675 1133 739; x_wconf 85' lang='lat' dir='ltr'><strong>fines</strong></span> <span class='ocrx_word' id='word_1_27' title='bbox 1152 679 1201 740; x_wconf 89' lang='lat' dir='ltr'><strong>In·</strong></span> <span class='ocrx_word' id='word_1_28' title='bbox 1235 727 1240 736; x_wconf 77' lang='grc'><em>,</em></span> 
     </span>
     <span class='ocr_line' id='line_1_5' title="bbox 171 756 1201 852; baseline 0.003 -36"><span class='ocrx_word' id='word_1_29' title='bbox 171 756 275 824; x_wconf 71' lang='lat' dir='ltr'><strong>aoniae</strong></span> <span class='ocrx_word' id='word_1_30' title='bbox 296 756 480 838; x_wconf 83' lang='lat' dir='ltr'><strong>pervenisse</strong></span> <span class='ocrx_word' id='word_1_31' title='bbox 502 757 736 837; x_wconf 78' lang='lat' dir='ltr'><strong>cognovissent.</strong></span> <span class='ocrx_word' id='word_1_32' title='bbox 759 761 831 838; x_wconf 88' lang='lat' dir='ltr'><strong>lpse</strong></span> <span class='ocrx_word' id='word_1_33' title='bbox 848 761 982 819; x_wconf 80' lang='lat' dir='ltr'><strong>Bessum</strong></span> <span class='ocrx_word' id='word_1_34' title='bbox 1002 778 1201 852; x_wconf 82' lang='lat' dir='ltr'><strong>persequens</strong></span> 
     </span>
     <span class='ocr_line' id='line_1_6' title="bbox 205 835 1202 921; baseline 0 -23"><span class='ocrx_word' id='word_1_35' title='bbox 205 837 313 918; x_wconf 86' lang='lat' dir='ltr'><strong>copias</strong></span> <span class='ocrx_word' id='word_1_36' title='bbox 332 839 446 901; x_wconf 84' lang='lat' dir='ltr'><strong>movit:</strong></span> <span class='ocrx_word' id='word_1_37' title='bbox 469 837 520 898; x_wconf 89' lang='lat' dir='ltr'><strong>cui</strong></span> <span class='ocrx_word' id='word_1_38' title='bbox 533 837 681 920; x_wconf 81' lang='lat' dir='ltr'><strong>Erigyius</strong></span> <span class='ocrx_word' id='word_1_39' title='bbox 696 835 822 898; x_wconf 87' lang='lat' dir='ltr'><strong>barbari</strong></span> <span class='ocrx_word' id='word_1_40' title='bbox 835 851 941 921; x_wconf 88' lang='lat' dir='ltr'><strong>eaput,</strong></span> <span class='ocrx_word' id='word_1_41' title='bbox 962 860 1104 921; x_wconf 82' lang='lat' dir='ltr'><strong>opimum</strong></span> <span class='ocrx_word' id='word_1_42' title='bbox 1122 838 1202 900; x_wconf 89' lang='lat' dir='ltr'><strong>belli</strong></span> 
     </span>
     <span class='ocr_line' id='line_1_7' title="bbox 121 913 697 998; baseline 0.003 -20"><span class='ocrx_word' id='word_1_43' title='bbox 121 913 124 924; x_wconf 62' lang='lat'><strong>¹</strong></span> <span class='ocrx_word' id='word_1_44' title='bbox 204 916 315 995; x_wconf 84' lang='lat' dir='ltr'><strong>decus,</strong></span> <span class='ocrx_word' id='word_1_45' title='bbox 336 915 523 998; x_wconf 88' lang='lat' dir='ltr'><strong>praeferens</strong></span> <span class='ocrx_word' id='word_1_46' title='bbox 546 918 697 980; x_wconf 86' lang='lat' dir='ltr'><strong>occurrit.</strong></span> 
     </span>
     <span class='ocr_line' id='line_1_8' title="bbox 164 995 1127 1080; baseline 0.006 -25"><span class='ocrx_word' id='word_1_47' title='bbox 164 1013 222 1075; x_wconf 71' lang='lat'><strong>20¹</strong></span> <span class='ocrx_word' id='word_1_48' title='bbox 283 996 382 1078; x_wconf 85' lang='lat' dir='ltr'><strong>igitur</strong></span> <span class='ocrx_word' id='word_1_49' title='bbox 401 998 643 1058; x_wconf 78' lang='lat' dir='ltr'><strong>Bactrianorum</strong></span> <span class='ocrx_word' id='word_1_50' title='bbox 663 999 795 1080; x_wconf 88' lang='lat' dir='ltr'><strong>regione</strong></span> <span class='ocrx_word' id='word_1_51' title='bbox 816 995 978 1060; x_wconf 79' lang='lat' dir='ltr'><strong>Artabazo</strong></span> <span class='ocrx_word' id='word_1_52' title='bbox 1000 999 1127 1077; x_wconf 84' lang='lat' dir='ltr'><strong>tradita,</strong></span> 
     </span>
     <span class='ocr_line' id='line_1_9' title="bbox 202 1073 1196 1173; baseline 0.002 -36"><span class='ocrx_word' id='word_1_53' title='bbox 202 1076 341 1138; x_wconf 84' lang='lat' dir='ltr'><strong>sarcinas</strong></span> <span class='ocrx_word' id='word_1_54' title='bbox 363 1089 396 1138; x_wconf 88' lang='lat' dir='ltr'><strong>et</strong></span> <span class='ocrx_word' id='word_1_55' title='bbox 415 1077 640 1160; x_wconf 86' lang='lat' dir='ltr'><strong>impedimenta</strong></span> <span class='ocrx_word' id='word_1_56' title='bbox 660 1077 706 1137; x_wconf 89' lang='lat' dir='ltr'><strong>ibi</strong></span> <span class='ocrx_word' id='word_1_57' title='bbox 722 1099 794 1138; x_wconf 90' lang='lat' dir='ltr'><strong>cum</strong></span> <span class='ocrx_word' id='word_1_58' title='bbox 810 1079 970 1158; x_wconf 89' lang='lat' dir='ltr'><strong>praesidio</strong></span> <span class='ocrx_word' id='word_1_59' title='bbox 986 1079 1127 1173; x_wconf 76' lang='lat' dir='ltr'><strong>reliquit.</strong></span> <span class='ocrx_word' id='word_1_60' title='bbox 1164 1073 1196 1115; x_wconf 54' lang='grc' dir='ltr'><strong>Ὺ·</strong></span> 
     </span>
     <span class='ocr_line' id='line_1_10' title="bbox 203 1157 1197 1242; baseline 0 -24"><span class='ocrx_word' id='word_1_61' title='bbox 203 1158 276 1239; x_wconf 81' lang='lat' dir='ltr'><strong>lpse</strong></span> <span class='ocrx_word' id='word_1_62' title='bbox 297 1178 369 1218; x_wconf 89' lang='lat' dir='ltr'><strong>cum</strong></span> <span class='ocrx_word' id='word_1_63' title='bbox 391 1157 541 1238; x_wconf 81' lang='lat' dir='ltr'><strong>expedito</strong></span> <span class='ocrx_word' id='word_1_64' title='bbox 563 1159 685 1236; x_wconf 82' lang='lat' dir='ltr'><strong>agmine</strong></span> <span class='ocrx_word' id='word_1_65' title='bbox 711 1159 784 1218; x_wconf 86' lang='lat' dir='ltr'><strong>loca</strong></span> <span class='ocrx_word' id='word_1_66' title='bbox 813 1158 940 1219; x_wconf 88' lang='lat' dir='ltr'><strong>deserta</strong></span> <span class='ocrx_word' id='word_1_67' title='bbox 963 1159 1197 1242; x_wconf 73' lang='lat' dir='ltr'><strong>Sogdianorum</strong></span> 
     </span>
     <span class='ocr_line' id='line_1_11' title="bbox 165 1237 1198 1324; baseline -0.001 -24"><span class='ocrx_word' id='word_1_68' title='bbox 165 1259 181 1300; x_wconf 83' lang='lat'><em>2</em></span> <span class='ocrx_word' id='word_1_69' title='bbox 202 1237 308 1308; x_wconf 85' lang='lat' dir='ltr'><strong>intrat,</strong></span> <span class='ocrx_word' id='word_1_70' title='bbox 328 1249 485 1301; x_wconf 88' lang='lat' dir='ltr'><strong>nocturno</strong></span> <span class='ocrx_word' id='word_1_71' title='bbox 513 1237 627 1298; x_wconf 91' lang='lat' dir='ltr'><strong>itinere</strong></span> <span class='ocrx_word' id='word_1_72' title='bbox 656 1239 831 1298; x_wconf 87' lang='lat' dir='ltr'><strong>exercitum</strong></span> <span class='ocrx_word' id='word_1_73' title='bbox 854 1238 983 1302; x_wconf 84' lang='lat' dir='ltr'><strong>ducens.</strong></span> <span class='ocrx_word' id='word_1_74' title='bbox 1024 1243 1198 1324; x_wconf 81' lang='lat' dir='ltr'><strong>Aquarum,</strong></span> 
     </span>
     <span class='ocr_line' id='line_1_12' title="bbox 202 1317 1199 1402; baseline 0.003 -24"><span class='ocrx_word' id='word_1_75' title='bbox 202 1329 332 1378; x_wconf 80' lang='lat' dir='ltr'><strong>utente</strong></span> <span class='ocrx_word' id='word_1_76' title='bbox 353 1317 472 1377; x_wconf 87' lang='lat' dir='ltr'><strong>dietum</strong></span> <span class='ocrx_word' id='word_1_77' title='bbox 494 1328 559 1386; x_wconf 79' lang='lat' dir='ltr'><strong>est,</strong></span> <span class='ocrx_word' id='word_1_78' title='bbox 588 1319 722 1399; x_wconf 78' lang='lat' dir='ltr'><strong>penuria</strong></span> <span class='ocrx_word' id='word_1_79' title='bbox 744 1317 833 1398; x_wconf 91' lang='lat' dir='ltr'><strong>prius</strong></span> <span class='ocrx_word' id='word_1_80' title='bbox 855 1318 1079 1401; x_wconf 82' lang='lat' dir='ltr'><strong>desperatione</strong></span> <span class='ocrx_word' id='word_1_81' title='bbox 1102 1328 1199 1402; x_wconf 77' lang='lat' dir='ltr'><strong>quam</strong></span> 
     </span>
     <span class='ocr_line' id='line_1_13' title="bbox 202 1395 1196 1461; baseline 0 -3"><span class='ocrx_word' id='word_1_82' title='bbox 202 1397 363 1460; x_wconf 84' lang='lat' dir='ltr'><strong>desiderio</strong></span> <span class='ocrx_word' id='word_1_83' title='bbox 378 1395 509 1457; x_wconf 88' lang='lat' dir='ltr'><strong>bibendi</strong></span> <span class='ocrx_word' id='word_1_84' title='bbox 530 1397 612 1458; x_wconf 87' lang='lat' dir='ltr'><strong>sitim</strong></span> <span class='ocrx_word' id='word_1_85' title='bbox 633 1397 786 1459; x_wconf 87' lang='lat' dir='ltr'><strong>accendit.</strong></span> <span class='ocrx_word' id='word_1_86' title='bbox 810 1397 876 1458; x_wconf 89' lang='lat' dir='ltr'><strong>Per</strong></span> <span class='ocrx_word' id='word_1_87' title='bbox 899 1401 1009 1460; x_wconf 80' lang='lat' dir='ltr'>CCCC</span> <span class='ocrx_word' id='word_1_88' title='bbox 1033 1400 1132 1461; x_wconf 84' lang='lat' dir='ltr'><strong>stadia</strong></span> <span class='ocrx_word' id='word_1_89' title='bbox 1155 1419 1196 1458; x_wconf 89' lang='lat' dir='ltr'><strong>ne</strong></span> 
     </span>
     <span class='ocr_line' id='line_1_14' title="bbox 164 1477 1197 1561; baseline -0.001 -24"><span class='ocrx_word' id='word_1_90' title='bbox 164 1497 182 1546; x_wconf 66' lang='grc' dir='ltr'><strong><em>ε</em></strong></span> <span class='ocrx_word' id='word_1_91' title='bbox 202 1477 346 1537; x_wconf 87' lang='lat' dir='ltr'><strong>modicus</strong></span> <span class='ocrx_word' id='word_1_92' title='bbox 368 1477 496 1559; x_wconf 88' lang='lat' dir='ltr'><strong>quidem</strong></span> <span class='ocrx_word' id='word_1_93' title='bbox 517 1477 634 1538; x_wconf 88' lang='lat' dir='ltr'><strong>humor</strong></span> <span class='ocrx_word' id='word_1_94' title='bbox 654 1478 785 1541; x_wconf 84' lang='lat' dir='ltr'><strong>exsistit.</strong></span> <span class='ocrx_word' id='word_1_95' title='bbox 811 1481 932 1539; x_wconf 85' lang='lat' dir='ltr'><strong>Arenas</strong></span> <span class='ocrx_word' id='word_1_96' title='bbox 955 1501 1056 1561; x_wconf 83' lang='lat' dir='ltr'><strong>vapor</strong></span> <span class='ocrx_word' id='word_1_97' title='bbox 1084 1478 1197 1540; x_wconf 85' lang='lat' dir='ltr'><strong>aestivi</strong></span> 
     </span>
     <span class='ocr_line' id='line_1_15' title="bbox 201 1555 1198 1640; baseline 0.001 -22"><span class='ocrx_word' id='word_1_98' title='bbox 201 1558 278 1618; x_wconf 88' lang='lat' dir='ltr'><strong>solis</strong></span> <span class='ocrx_word' id='word_1_99' title='bbox 300 1555 462 1617; x_wconf 83' lang='lat' dir='ltr'><strong>accendit:</strong></span> <span class='ocrx_word' id='word_1_100' title='bbox 492 1578 575 1640; x_wconf 85' lang='lat' dir='ltr'><strong>quae</strong></span> <span class='ocrx_word' id='word_1_101' title='bbox 600 1559 655 1619; x_wconf 90' lang='lat' dir='ltr'><strong>ubi</strong></span> <span class='ocrx_word' id='word_1_102' title='bbox 674 1557 812 1640; x_wconf 86' lang='lat' dir='ltr'><strong>llsgrare</strong></span> <span class='ocrx_word' id='word_1_103' title='bbox 834 1573 1023 1640; x_wconf 84' lang='lat' dir='ltr'><strong>coeperunt,</strong></span> <span class='ocrx_word' id='word_1_104' title='bbox 1043 1559 1127 1620; x_wconf 88' lang='lat' dir='ltr'><strong>haud</strong></span> <span class='ocrx_word' id='word_1_105' title='bbox 1148 1579 1198 1619; x_wconf 87' lang='lat' dir='ltr'><strong>se-</strong></span> 
     </span>
     <span class='ocr_line' id='line_1_16' title="bbox 162 1638 1197 1718; baseline -0.003 -17"><span class='ocrx_word' id='word_1_106' title='bbox 162 1659 177 1701; x_wconf 82' lang='lat' dir='ltr'><strong>t</strong></span> <span class='ocrx_word' id='word_1_107' title='bbox 201 1656 257 1698; x_wconf 82' lang='lat' dir='ltr'><strong>out</strong></span> <span class='ocrx_word' id='word_1_108' title='bbox 282 1657 376 1718; x_wconf 86' lang='lat' dir='ltr'><strong>quarn</strong></span> <span class='ocrx_word' id='word_1_109' title='bbox 401 1638 574 1698; x_wconf 85' lang='lat' dir='ltr'><strong>continenti</strong></span> <span class='ocrx_word' id='word_1_110' title='bbox 593 1639 739 1700; x_wconf 86' lang='lat' dir='ltr'><strong>incendio</strong></span> <span class='ocrx_word' id='word_1_111' title='bbox 762 1650 875 1700; x_wconf 88' lang='lat' dir='ltr'><strong>cuncta</strong></span> <span class='ocrx_word' id='word_1_112' title='bbox 894 1651 1071 1705; x_wconf 82' lang='lat' dir='ltr'><strong>torrentur.</strong></span> <span class='ocrx_word' id='word_1_113' title='bbox 1115 1639 1197 1701; x_wconf 90' lang='lat' dir='ltr'><strong>Cali-</strong></span> 
     </span>
     <span class='ocr_line' id='line_1_17' title="bbox 201 1717 1196 1799; baseline 0 -20"><span class='ocrx_word' id='word_1_114' title='bbox 201 1738 243 1799; x_wconf 88' lang='lat' dir='ltr'><strong>go</strong></span> <span class='ocrx_word' id='word_1_115' title='bbox 271 1717 404 1786; x_wconf 85' lang='lat' dir='ltr'><strong>deinde,</strong></span> <span class='ocrx_word' id='word_1_116' title='bbox 429 1718 599 1780; x_wconf 89' lang='lat' dir='ltr'><strong>immodico</strong></span> <span class='ocrx_word' id='word_1_117' title='bbox 620 1733 726 1780; x_wconf 85' lang='lat' dir='ltr'><strong>terrae</strong></span> <span class='ocrx_word' id='word_1_118' title='bbox 750 1718 884 1783; x_wconf 78' lang='lat' dir='ltr'><strong>fervore</strong></span> <span class='ocrx_word' id='word_1_119' title='bbox 907 1722 1062 1790; x_wconf 83' lang='lat' dir='ltr'><strong>excitata,</strong></span> <span class='ocrx_word' id='word_1_120' title='bbox 1089 1722 1196 1780; x_wconf 87' lang='lat' dir='ltr'><strong>lucem</strong></span> 
     </span>
     <span class='ocr_line' id='line_1_18' title="bbox 179 1797 1195 1896; baseline 0.001 -39"><span class='ocrx_word' id='word_1_121' title='bbox 179 1815 181 1822; x_wconf 88' lang='lat'>·</span> <span class='ocrx_word' id='word_1_122' title='bbox 200 1797 295 1880; x_wconf 85' lang='lat' dir='ltr'><strong>tegit:</strong></span> <span class='ocrx_word' id='word_1_123' title='bbox 328 1817 578 1883; x_wconf 82' lang='lat' dir='ltr'><strong>camporumque</strong></span> <span class='ocrx_word' id='word_1_124' title='bbox 599 1822 663 1862; x_wconf 91' lang='lat' dir='ltr'><strong>non</strong></span> <span class='ocrx_word' id='word_1_125' title='bbox 684 1800 743 1860; x_wconf 85' lang='lat' dir='ltr'><strong>alia</strong></span> <span class='ocrx_word' id='word_1_126' title='bbox 763 1822 857 1884; x_wconf 88' lang='lat' dir='ltr'><strong>quam</strong></span> <span class='ocrx_word' id='word_1_127' title='bbox 889 1802 967 1862; x_wconf 85' lang='lat' dir='ltr'><strong>vasti</strong></span> <span class='ocrx_word' id='word_1_128' title='bbox 988 1813 1021 1863; x_wconf 92' lang='lat' dir='ltr'><strong>et</strong></span> <span class='ocrx_word' id='word_1_129' title='bbox 1041 1799 1195 1896; x_wconf 75' lang='lat' dir='ltr'><strong>profundi</strong></span> 
     </span>
     <span class='ocr_line' id='line_1_19' title="bbox 163 1877 1239 1962; baseline 0.002 -24"><span class='ocrx_word' id='word_1_130' title='bbox 163 1904 177 1949; x_wconf 71' lang='lat'><strong>5</strong></span> <span class='ocrx_word' id='word_1_131' title='bbox 201 1877 496 1962; x_wconf 77' lang='lat' dir='ltr'><strong>aequorisspeeies</strong></span> <span class='ocrx_word' id='word_1_132' title='bbox 518 1891 575 1940; x_wconf 87' lang='lat' dir='ltr'><strong>est.</strong></span> <span class='ocrx_word' id='word_1_133' title='bbox 617 1878 813 1942; x_wconf 83' lang='lat' dir='ltr'><strong>Nocturnum</strong></span> <span class='ocrx_word' id='word_1_134' title='bbox 835 1881 897 1942; x_wconf 86' lang='lat' dir='ltr'><strong>iter</strong></span> <span class='ocrx_word' id='word_1_135' title='bbox 919 1881 1086 1948; x_wconf 78' lang='lat' dir='ltr'><strong>tolerabile</strong></span> <span class='ocrx_word' id='word_1_136' title='bbox 1107 1879 1196 1940; x_wconf 84' lang='lat' dir='ltr'><strong>vide·</strong></span> <span class='ocrx_word' id='word_1_137' title='bbox 1237 1900 1239 1904; x_wconf 90' lang='lat'>·</span> 
     </span>
     <span class='ocr_line' id='line_1_20' title="bbox 199 1958 1197 2055; baseline 0.001 -36"><span class='ocrx_word' id='word_1_138' title='bbox 199 1958 304 2040; x_wconf 84' lang='lat' dir='ltr'><strong>batur,</strong></span> <span class='ocrx_word' id='word_1_139' title='bbox 329 1959 407 2046; x_wconf 77' lang='lat' dir='ltr'><strong>quis</strong></span> <span class='ocrx_word' id='word_1_140' title='bbox 423 1980 499 2020; x_wconf 90' lang='lat' dir='ltr'><strong>rore</strong></span> <span class='ocrx_word' id='word_1_141' title='bbox 521 1971 555 2019; x_wconf 92' lang='lat' dir='ltr'><strong>et</strong></span> <span class='ocrx_word' id='word_1_142' title='bbox 575 1964 726 2022; x_wconf 88' lang='lat' dir='ltr'><strong>matutino</strong></span> <span class='ocrx_word' id='word_1_143' title='bbox 748 1961 871 2042; x_wconf 80' lang='lat' dir='ltr'><strong>frigore</strong></span> <span class='ocrx_word' id='word_1_144' title='bbox 893 1981 1027 2055; x_wconf 86' lang='lat' dir='ltr'><strong>corpora</strong></span> <span class='ocrx_word' id='word_1_145' title='bbox 1048 1960 1197 2022; x_wconf 85' lang='lat' dir='ltr'><strong>levaban·</strong></span> 
     </span>
     <span class='ocr_line' id='line_1_21' title="bbox 105 2039 1215 2122; baseline -0.002 -23"><span class='ocrx_word' id='word_1_146' title='bbox 105 2105 108 2113; x_wconf 24' lang='lat'>¹</span> <span class='ocrx_word' id='word_1_147' title='bbox 197 2051 263 2102; x_wconf 88' lang='lat' dir='ltr'><strong>tur.</strong></span> <span class='ocrx_word' id='word_1_148' title='bbox 307 2039 459 2100; x_wconf 89' lang='lat' dir='ltr'><strong>Ceterum</strong></span> <span class='ocrx_word' id='word_1_149' title='bbox 488 2060 561 2100; x_wconf 86' lang='lat' dir='ltr'><strong>cum</strong></span> <span class='ocrx_word' id='word_1_150' title='bbox 589 2041 657 2122; x_wconf 87' lang='lat' dir='ltr'><strong>ipsa</strong></span> <span class='ocrx_word' id='word_1_151' title='bbox 684 2044 756 2102; x_wconf 86' lang='lat' dir='ltr'><strong>luce</strong></span> <span class='ocrx_word' id='word_1_152' title='bbox 785 2054 889 2100; x_wconf 87' lang='lat' dir='ltr'><strong>aestus</strong></span> <span class='ocrx_word' id='word_1_153' title='bbox 913 2054 1215 2122; x_wconf 42' lang='lat' dir='ltr'><strong>oraturpomnemn</strong></span> 
     </span>
     <span class='ocr_line' id='line_1_22' title="bbox 201 2119 1194 2202; baseline 0.003 -24"><span class='ocrx_word' id='word_1_154' title='bbox 201 2140 264 2202; x_wconf 86' lang='lat' dir='ltr'><strong>quo</strong></span> <span class='ocrx_word' id='word_1_155' title='bbox 284 2119 462 2180; x_wconf 87' lang='lat' dir='ltr'><strong>naturalem</strong></span> <span class='ocrx_word' id='word_1_156' title='bbox 489 2119 643 2182; x_wconf 86' lang='lat' dir='ltr'><strong>absorbet</strong></span> <span class='ocrx_word' id='word_1_157' title='bbox 669 2122 838 2181; x_wconf 88' lang='lat' dir='ltr'><strong>humorem</strong></span> <span class='ocrx_word' id='word_1_158' title='bbox 871 2121 1013 2196; x_wconf 83' lang='lat' dir='ltr'><strong>siceitas3</strong></span> <span class='ocrx_word' id='word_1_159' title='bbox 1043 2121 1099 2184; x_wconf 85' lang='lat' dir='ltr'><strong>ora</strong></span> <span class='ocrx_word' id='word_1_160' title='bbox 1131 2121 1194 2182; x_wconf 86' lang='lat' dir='ltr'><strong>vis-</strong></span> 
     </span>
     <span class='ocr_line' id='line_1_23' title="bbox 162 2199 1195 2283; baseline 0.003 -24"><span class='ocrx_word' id='word_1_161' title='bbox 162 2221 179 2270; x_wconf 73' lang='lat' dir='ltr'><strong>a</strong></span> <span class='ocrx_word' id='word_1_162' title='bbox 201 2217 339 2280; x_wconf 85' lang='lat' dir='ltr'><strong>ceraque</strong></span> <span class='ocrx_word' id='word_1_163' title='bbox 359 2199 486 2282; x_wconf 89' lang='lat' dir='ltr'><strong>penitus</strong></span> <span class='ocrx_word' id='word_1_164' title='bbox 507 2211 653 2261; x_wconf 87' lang='lat' dir='ltr'><strong>uruntur.</strong></span> <span class='ocrx_word' id='word_1_165' title='bbox 673 2203 782 2283; x_wconf 87' lang='lat' dir='ltr'><strong>ltaque</strong></span> <span class='ocrx_word' id='word_1_166' title='bbox 804 2200 941 2280; x_wconf 87' lang='lat' dir='ltr'><strong>primum</strong></span> <span class='ocrx_word' id='word_1_167' title='bbox 962 2202 1064 2276; x_wconf 77' lang='lat' dir='ltr'><strong>animi,</strong></span> <span class='ocrx_word' id='word_1_168' title='bbox 1079 2201 1195 2264; x_wconf 85' lang='lat' dir='ltr'><strong>deinde</strong></span> 
     </span>
     <span class='ocr_line' id='line_1_24' title="bbox 188 2276 1194 2361; baseline 0.01 -27"><span class='ocrx_word' id='word_1_169' title='bbox 188 2298 336 2360; x_wconf 70' lang='lat' dir='ltr'><strong>,corpora</strong></span> <span class='ocrx_word' id='word_1_170' title='bbox 358 2276 498 2339; x_wconf 87' lang='lat' dir='ltr'><strong>delicere</strong></span> <span class='ocrx_word' id='word_1_171' title='bbox 519 2293 705 2360; x_wconf 86' lang='lat' dir='ltr'><strong>coeperunt.</strong></span> <span class='ocrx_word' id='word_1_172' title='bbox 752 2280 887 2361; x_wconf 82' lang='lat' dir='ltr'><strong>Pigebat</strong></span> <span class='ocrx_word' id='word_1_173' title='bbox 908 2292 940 2341; x_wconf 88' lang='lat' dir='ltr'><strong>et</strong></span> <span class='ocrx_word' id='word_1_174' title='bbox 963 2283 1139 2346; x_wconf 87' lang='lat' dir='ltr'><strong>consistere</strong></span> <span class='ocrx_word' id='word_1_175' title='bbox 1160 2293 1194 2344; x_wconf 88' lang='lat' dir='ltr'><strong>et</strong></span> 
     </span>
     <span class='ocr_line' id='line_1_25' title="bbox 162 2357 1194 2444; baseline 0.007 -29"><span class='ocrx_word' id='word_1_176' title='bbox 162 2381 178 2426; x_wconf 92' lang='lat'>7</span> <span class='ocrx_word' id='word_1_177' title='bbox 198 2357 364 2438; x_wconf 78' lang='lat' dir='ltr'><strong>progredi.</strong></span> <span class='ocrx_word' id='word_1_178' title='bbox 386 2359 635 2439; x_wconf 71' lang='lat' dir='ltr'><strong>Paucia&#39;peritis</strong></span> <span class='ocrx_word' id='word_1_179' title='bbox 652 2361 791 2443; x_wconf 83' lang='lat' dir='ltr'><strong>regionis</strong></span> <span class='ocrx_word' id='word_1_180' title='bbox 806 2361 956 2424; x_wconf 89' lang='lat' dir='ltr'><strong>admoniti</strong></span> <span class='ocrx_word' id='word_1_181' title='bbox 993 2374 1194 2444; x_wconf 88' lang='lat' dir='ltr'><strong>raepararant</strong></span> 
     </span>
     <span class='ocr_line' id='line_1_26' title="bbox 177 2384 1199 2525; baseline 0.004 -29"><span class='ocrx_word' id='word_1_182' title='bbox 177 2455 323 2525; x_wconf 79' lang='lat' dir='ltr'><strong>aquam.</strong></span> <span class='ocrx_word' id='word_1_183' title='bbox 364 2440 453 2499; x_wconf 87' lang='lat' dir='ltr'><strong>Haeo</strong></span> <span class='ocrx_word' id='word_1_184' title='bbox 474 2438 642 2520; x_wconf 88' lang='lat' dir='ltr'><strong>paulisper.</strong></span> <span class='ocrx_word' id='word_1_185' title='bbox 656 2440 813 2522; x_wconf 85' lang='lat' dir='ltr'><strong>repressit</strong></span> <span class='ocrx_word' id='word_1_186' title='bbox 834 2441 937 2504; x_wconf 82' lang='lat' dir='ltr'><strong>sitim:</strong></span> <span class='ocrx_word' id='word_1_187' title='bbox 966 2384 1080 2504; x_wconf 76' lang='lat' dir='ltr'><strong>deinde</strong></span> <span class='ocrx_word' id='word_1_188' title='bbox 1109 2463 1199 2503; x_wconf 78' lang='lat' dir='ltr'><strong>eres-.,</strong></span> 
     </span>
     <span class='ocr_line' id='line_1_27' title="bbox 199 2517 1190 2586; baseline -0.002 -6"><span class='ocrx_word' id='word_1_189' title='bbox 199 2529 291 2580; x_wconf 85' lang='lat' dir='ltr'><strong>cente</strong></span> <span class='ocrx_word' id='word_1_190' title='bbox 313 2529 402 2578; x_wconf 88' lang='lat' dir='ltr'><strong>aestu</strong></span> <span class='ocrx_word' id='word_1_191' title='bbox 423 2540 532 2579; x_wconf 89' lang='lat' dir='ltr'><strong>rursus</strong></span> <span class='ocrx_word' id='word_1_192' title='bbox 553 2517 749 2580; x_wconf 87' lang='lat' dir='ltr'><strong>desiderium</strong></span> <span class='ocrx_word' id='word_1_193' title='bbox 768 2521 910 2581; x_wconf 84' lang='lat' dir='ltr'><strong>humoris</strong></span> <span class='ocrx_word' id='word_1_194' title='bbox 939 2523 1105 2586; x_wconf 73' lang='lat' dir='ltr'><strong>accensum</strong></span> <span class='ocrx_word' id='word_1_195' title='bbox 1133 2533 1190 2582; x_wconf 89' lang='lat' dir='ltr'><strong>est.</strong></span> 
     </span>
     <span class='ocr_line' id='line_1_28' title="bbox 197 2598 1190 2686; baseline 0.002 -29"><span class='ocrx_word' id='word_1_196' title='bbox 197 2599 287 2680; x_wconf 89' lang='lat' dir='ltr'><strong>Ergo</strong></span> <span class='ocrx_word' id='word_1_197' title='bbox 308 2598 462 2681; x_wconf 82' lang='lat' dir='ltr'><strong>quicquid</strong></span> <span class='ocrx_word' id='word_1_198' title='bbox 486 2599 551 2660; x_wconf 85' lang='lat' dir='ltr'><strong>vini</strong></span> <span class='ocrx_word' id='word_1_199' title='bbox 583 2601 711 2684; x_wconf 85' lang='lat' dir='ltr'><strong>oleique</strong></span> <span class='ocrx_word' id='word_1_200' title='bbox 741 2611 810 2661; x_wconf 87' lang='lat' dir='ltr'><strong>erat</strong></span> <span class='ocrx_word' id='word_1_201' title='bbox 837 2601 945 2663; x_wconf 89' lang='lat' dir='ltr'><strong>oribus</strong></span> <span class='ocrx_word' id='word_1_202' title='bbox 973 2603 1190 2686; x_wconf 84' lang='lat' dir='ltr'><strong>ingerebatur,</strong></span> 
     </span>
     <span class='ocr_line' id='line_1_29' title="bbox 197 2678 1190 2764; baseline 0.001 -25"><span class='ocrx_word' id='word_1_203' title='bbox 197 2689 348 2762; x_wconf 86' lang='lat' dir='ltr'><strong>tantaque</strong></span> <span class='ocrx_word' id='word_1_204' title='bbox 369 2679 506 2740; x_wconf 87' lang='lat' dir='ltr'><strong>dulcedo</strong></span> <span class='ocrx_word' id='word_1_205' title='bbox 527 2678 657 2740; x_wconf 90' lang='lat' dir='ltr'><strong>bibendi</strong></span> <span class='ocrx_word' id='word_1_206' title='bbox 676 2681 749 2754; x_wconf 83' lang='lat' dir='ltr'><strong>fuit,</strong></span> <span class='ocrx_word' id='word_1_207' title='bbox 769 2693 805 2740; x_wconf 88' lang='lat' dir='ltr'><strong>ut</strong></span> <span class='ocrx_word' id='word_1_208' title='bbox 822 2681 852 2740; x_wconf 90' lang='lat' dir='ltr'><strong>in</strong></span> <span class='ocrx_word' id='word_1_209' title='bbox 867 2694 1032 2764; x_wconf 87' lang='lat' dir='ltr'><strong>postorum</strong></span> <span class='ocrx_word' id='word_1_210' title='bbox 1046 2684 1112 2744; x_wconf 84' lang='lat' dir='ltr'><strong>sitis</strong></span> <span class='ocrx_word' id='word_1_211' title='bbox 1127 2703 1190 2743; x_wconf 91' lang='lat' dir='ltr'><strong>non</strong></span> 
     </span>
     <span class='ocr_line' id='line_1_30' title="bbox 157 2758 1191 2838; baseline 0 -18"><span class='ocrx_word' id='word_1_212' title='bbox 157 2758 372 2828; x_wconf 74' lang='lat' dir='ltr'><strong>stimeretur.</strong></span> <span class='ocrx_word' id='word_1_213' title='bbox 415 2760 536 2828; x_wconf 78' lang='lat' dir='ltr'><strong>Graves</strong></span> <span class='ocrx_word' id='word_1_214' title='bbox 564 2759 680 2826; x_wconf 82' lang='lat' dir='ltr'><strong>deinde</strong></span> <span class='ocrx_word' id='word_1_215' title='bbox 707 2760 798 2827; x_wconf 86' lang='lat' dir='ltr'><strong>avide</strong></span> <span class='ocrx_word' id='word_1_216' title='bbox 825 2761 938 2838; x_wconf 79' lang='lat' dir='ltr'><strong>hausto</strong></span> <span class='ocrx_word' id='word_1_217' title='bbox 966 2763 1100 2826; x_wconf 89' lang='lat' dir='ltr'><strong>humore</strong></span> <span class='ocrx_word' id='word_1_218' title='bbox 1127 2783 1191 2825; x_wconf 87' lang='lat' dir='ltr'><strong>non</strong></span> 
     </span>
    </p>
   </div>
   <div class='ocr_carea' id='block_1_3' title="bbox 195 3066 1187 3549">
    <p class='ocr_par' dir='ltr' id='par_1_3' title="bbox 195 3066 1187 3408">
     <span class='ocr_line' id='line_1_31' title="bbox 196 3066 1186 3187; baseline 0.005 -67"><span class='ocrx_word' id='word_1_219' title='bbox 196 3078 218 3187; x_wconf 35' lang='grc' dir='ltr'><em>ἃ</em></span> <span class='ocrx_word' id='word_1_220' title='bbox 248 3069 292 3138; x_wconf 82' lang='grc'><strong>39)</strong></span> <span class='ocrx_word' id='word_1_221' title='bbox 310 3085 361 3138; x_wconf 89' lang='lat' dir='ltr'><strong>pro</strong></span> <span class='ocrx_word' id='word_1_222' title='bbox 379 3066 511 3134; x_wconf 60' lang='lat' dir='ltr'><strong>dedictum</strong></span> <span class='ocrx_word' id='word_1_223' title='bbox 529 3073 607 3140; x_wconf 79' lang='lat' dir='ltr'><strong>vulgo</strong></span> <span class='ocrx_word' id='word_1_224' title='bbox 633 3087 665 3124; x_wconf 83' lang='lat' dir='ltr'><strong>ex</strong></span> <span class='ocrx_word' id='word_1_225' title='bbox 683 3069 794 3146; x_wconf 69' lang='lat' dir='ltr'><strong>emend⁸¹</strong></span> <span class='ocrx_word' id='word_1_226' title='bbox 808 3071 1004 3144; x_wconf 69' lang='lat' dir='ltr'><strong>defietionem5</strong></span> <span class='ocrx_word' id='word_1_227' title='bbox 1020 3078 1056 3130; x_wconf 87' lang='lat' dir='ltr'><strong>al.</strong></span> <span class='ocrx_word' id='word_1_228' title='bbox 1078 3088 1186 3146; x_wconf 77' lang='lat' dir='ltr'><strong>quoque</strong></span> 
     </span>
     <span class='ocr_line' id='line_1_32' title="bbox 215 3150 338 3190; baseline 0 -2"><span class='ocrx_word' id='word_1_229' title='bbox 215 3150 338 3190; x_wconf 73' lang='lat' dir='ltr'><strong>cacturi.</strong></span> 
     </span>
     <span class='ocr_line' id='line_1_33' title="bbox 221 3137 1187 3280; baseline -0.001 -22"><span class='ocrx_word' id='word_1_230' title='bbox 221 3137 294 3272; x_wconf 62' lang='lat' dir='ltr'><strong>slot</strong></span> <span class='ocrx_word' id='word_1_231' title='bbox 317 3203 405 3257; x_wconf 83' lang='lat' dir='ltr'><strong>Codd.</strong></span> <span class='ocrx_word' id='word_1_232' title='bbox 431 3213 499 3275; x_wconf 87' lang='lat' dir='ltr'><strong>optt.</strong></span> <span class='ocrx_word' id='word_1_233' title='bbox 525 3209 573 3257; x_wconf 82' lang='lat' dir='ltr'><strong>eui</strong></span> <span class='ocrx_word' id='word_1_234' title='bbox 600 3208 738 3278; x_wconf 70' lang='lat' dir='ltr'><strong>Erigyius</strong></span> <span class='ocrx_word' id='word_1_235' title='bbox 771 3210 911 3275; x_wconf 70' lang='lat' dir='ltr'><strong>barbariei</strong></span> <span class='ocrx_word' id='word_1_236' title='bbox 949 3211 1076 3280; x_wconf 69' lang='lat' dir='ltr'><strong>optimum</strong></span> <span class='ocrx_word' id='word_1_237' title='bbox 1107 3209 1187 3280; x_wconf 89' lang='lat' dir='ltr'><strong>prob.</strong></span> 
     </span>
     <span class='ocr_line' id='line_1_34' title="bbox 195 3272 1187 3349; baseline 0 -23"><span class='ocrx_word' id='word_1_238' title='bbox 195 3275 341 3340; x_wconf 62' lang='lat' dir='ltr'><strong>sabiniana</strong></span> <span class='ocrx_word' id='word_1_239' title='bbox 365 3272 440 3324; x_wconf 83' lang='lat' dir='ltr'><strong>Frsb.</strong></span> <span class='ocrx_word' id='word_1_240' title='bbox 467 3291 529 3324; x_wconf 84' lang='lat' dir='ltr'><strong>curn</strong></span> <span class='ocrx_word' id='word_1_241' title='bbox 549 3278 617 3344; x_wconf 77' lang='lat' dir='ltr'><strong>vulg.</strong></span> <span class='ocrx_word' id='word_1_242' title='bbox 649 3280 697 3328; x_wconf 83' lang='lat' dir='ltr'><strong>cni</strong></span> <span class='ocrx_word' id='word_1_243' title='bbox 718 3279 802 3348; x_wconf 79' lang='lat' dir='ltr'><strong>Eri&#39;g.</strong></span> <span class='ocrx_word' id='word_1_244' title='bbox 826 3279 1046 3349; x_wconf 58' lang='lat' dir='ltr'><strong>spola&#39;o&#39;borbori</strong></span> <span class='ocrx_word' id='word_1_245' title='bbox 1062 3295 1110 3329; x_wconf 81' lang='lat' dir='ltr'><strong>eeu</strong></span> <span class='ocrx_word' id='word_1_246' title='bbox 1127 3277 1187 3348; x_wconf 81' lang='lat' dir='ltr'><strong>opi·</strong></span> 
     </span>
     <span class='ocr_line' id='line_1_35' title="bbox 196 3341 1083 3408; baseline 0.009 -14"><span class='ocrx_word' id='word_1_247' title='bbox 196 3360 283 3404; x_wconf 82' lang='lat' dir='ltr'><strong>mum,·</strong></span> <span class='ocrx_word' id='word_1_248' title='bbox 301 3341 441 3408; x_wconf 80' lang='lat' dir='ltr'><strong>Zumptius</strong></span> <span class='ocrx_word' id='word_1_249' title='bbox 461 3342 552 3394; x_wconf 89' lang='lat' dir='ltr'><strong>locum</strong></span> <span class='ocrx_word' id='word_1_250' title='bbox 573 3347 729 3397; x_wconf 74' lang='lat' dir='ltr'><strong>coniectura</strong></span> <span class='ocrx_word' id='word_1_251' title='bbox 744 3350 886 3400; x_wconf 85' lang='lat' dir='ltr'><strong>restituere</strong></span> <span class='ocrx_word' id='word_1_252' title='bbox 905 3357 1018 3400; x_wconf 86' lang='lat' dir='ltr'><strong>conatus</strong></span> <span class='ocrx_word' id='word_1_253' title='bbox 1035 3355 1083 3403; x_wconf 79' lang='lat' dir='ltr'><strong>etl.</strong></span> 
     </span>
    </p>

    <p class='ocr_par' dir='ltr' id='par_1_4' title="bbox 262 3410 918 3485">
     <span class='ocr_line' id='line_1_36' title="bbox 262 3410 918 3485; baseline 0.014 -29"><span class='ocrx_word' id='word_1_254' title='bbox 262 3411 290 3478; x_wconf 83' lang='lat'><strong>6)</strong></span> <span class='ocrx_word' id='word_1_255' title='bbox 310 3413 344 3463; x_wconf 81' lang='lat' dir='ltr'><strong>al.</strong></span> <span class='ocrx_word' id='word_1_256' title='bbox 364 3410 449 3460; x_wconf 86' lang='lat' dir='ltr'><strong>omitt.</strong></span> <span class='ocrx_word' id='word_1_257' title='bbox 469 3425 618 3480; x_wconf 84' lang='lat' dir='ltr'><strong>coeperunt</strong></span> <span class='ocrx_word' id='word_1_258' title='bbox 637 3423 663 3464; x_wconf 89' lang='lat' dir='ltr'><strong>et</strong></span> <span class='ocrx_word' id='word_1_259' title='bbox 681 3414 768 3464; x_wconf 85' lang='lat' dir='ltr'><strong>exbib.</strong></span> <span class='ocrx_word' id='word_1_260' title='bbox 789 3414 918 3485; x_wconf 66' lang='lat' dir='ltr'><strong>defeoere.</strong></span> 
     </span>
    </p>

    <p class='ocr_par' dir='ltr' id='par_1_5' title="bbox 263 3475 1041 3549">
     <span class='ocr_line' id='line_1_37' title="bbox 263 3475 1041 3549; baseline 0.006 -20"><span class='ocrx_word' id='word_1_261' title='bbox 263 3483 291 3546; x_wconf 78' lang='lat'><strong>7)</strong></span> <span class='ocrx_word' id='word_1_262' title='bbox 310 3475 400 3530; x_wconf 82' lang='lat' dir='ltr'><strong>oribus</strong></span> <span class='ocrx_word' id='word_1_263' title='bbox 419 3487 458 3530; x_wconf 82' lang='lat' dir='ltr'><strong>est</strong></span> <span class='ocrx_word' id='word_1_264' title='bbox 477 3479 510 3531; x_wconf 82' lang='lat' dir='ltr'><strong>de</strong></span> <span class='ocrx_word' id='word_1_265' title='bbox 529 3484 601 3532; x_wconf 86' lang='lat' dir='ltr'><strong>coni.</strong></span> <span class='ocrx_word' id='word_1_266' title='bbox 620 3482 754 3549; x_wconf 79' lang='lat' dir='ltr'><strong>Zumptii3</strong></span> <span class='ocrx_word' id='word_1_267' title='bbox 773 3481 861 3534; x_wconf 84' lang='lat' dir='ltr'><strong>Codd.</strong></span> <span class='ocrx_word' id='word_1_268' title='bbox 880 3481 1041 3536; x_wconf 79' lang='lat' dir='ltr'><strong>bominibus.</strong></span> 
     </span>
    </p>
   </div>
   <div class='ocr_carea' id='block_1_4' title="bbox 0 0 1348 3876">
    <p class='ocr_par' dir='ltr' id='par_1_6' title="bbox 0 0 1348 3876">
     <span class='ocr_line' id='line_1_38' title="bbox 0 0 1348 3876; baseline 0 2"><span class='ocrx_word' id='word_1_269' title='bbox 0 0 1348 3876; x_wconf 95' lang='lat' dir='ltr'><strong> </strong></span> 
     </span>
    </p>
   </div>
  </div>
 </body>
</html>
