2688 3872
182 377 230 452 aa
517 389 551 464 o.
580 391 695 450 suurn
722 389 800 448 aum

178 535 323 629 periculo
339 535 472 618 gloriam
492 548 689 598 arcessentes
705 536 866 616 petebant,
891 549 1078 616 occupante.
1101 538 1171 602 Ob-

178 616 377 690 anunitatem,
407 637 488 702 quae
517 628 642 677 eeteros
667 615 826 689 terrebat,
854 633 941 673 suam
970 617 1184 678 occasionem-

140 707 275 770 2ssratus,
298 694 371 754 dato
393 697 500 776 signo,
527 709 563 756 ut
586 715 693 756 omnes
715 694 840 766 silentio
870 694 1094 769 ascenderent,
1126 720 1177 757 ra·

177 785 243 832 tem
265 795 345 846 eam,
366 794 428 856 qua
449 775 518 854 ipse
540 774 731 842 vehebatur,
760 773 893 853 primam
923 773 1014 833 iussit
1044 777 1175 854 expelli.

139 854 287 918 „Vacua
308 864 376 911 erat
397 854 434 918 ah
456 852 599 926 hostibus
621 854 706 934 ripa,
736 873 818 935 quae
841 852 1029 934 petebatur3
1051 855 1174 936 quippe

181 932 283 992 adhue
309 933 412 992 Porus
452 933 672 993 Ptolemaeum
714 944 835 992 tantum
871 930 1062 996 intuebatur,
1105 937 1176 996 Una

180 1031 259 1092 ergo
280 1012 361 1085 navi,
383 1034 476 1096 quam
499 1024 610 1091 petrae
633 1011 748 1073 {luctus
770 1011 917 1088 illiserat,
937 1009 1099 1086 haerente,
1122 1035 1176 1075 ee·

178 1102 267 1150 torae
289 1092 427 1150 evadunt
434 1114 444 1169 3
466 1111 613 1178 armaque
637 1111 753 1174 capere
774 1090 907 1165 militeS,
935 1099 967 1150 et
993 1090 1041 1149 lre
1069 1091 1100 1150 in
1122 1117 1177 1166 01·-

179 1169 265 1230 dines'
287 1170 384 1230 iussit.
677 1179 680 1186 “
774 1201 776 1206 ·
1094 1207 1096 1214 ,

137 1262 178 1328 47
255 1252 383 1332 lamque
405 1269 516 1329 agmen
537 1250 567 1323 in
592 1271 710 1310 cornua
739 1248 872 1323 divisum
899 1248 968 1328 ipse
1001 1249 1097 1310 duee·

178 1327 243 1397 bat,
268 1349 339 1388 eum
360 1329 447 1387 Poro
469 1331 640 1404 nuntiatur,
662 1329 755 1387 armis
769 1328 910 1407 virisque
921 1328 1022 1409 ripam
1044 1323 1172 1389 ob-'m'

176 1409 281 1479 lineri,
303 1421 465 1466 atrorum
488 1408 599 1468 adesse
620 1407 798 1468 discrimen.
849 1411 896 1466 Ac
918 1409 1022 1486 primo
1043 1407 1176 1470 humani

178 1487 296 1566 ingenii
319 1486 393 1547 vitio
419 1487 487 1566 spei
513 1507 595 1565 suae
617 1487 801 1566 indulgens,
829 1485 985 1546 Abisaren
1019 1486 1096 1548 belli
1124 1511 1176 1551 so-

141 1565 263 1638 acinm
298 1575 347 1632 (et
375 1566 418 1625 ita
447 1576 654 1634 convenerat)
691 1565 862 1626 adventare
896 1566 1057 1626 crede-bat.
1100 1570 1176 1628 Mox

178 1643 349 1736 liquidiore
373 1645 443 1705 lace
466 1647 627 1726 aperiente
648 1645 784 1719 hostem,
807 1647 830 1704 C
853 1645 1037 1726 quadrigas,
1063 1658 1096 1706 et
1118 1650 1175 1706 llll

177 1723 263 1782 milia
286 1725 428 1807 equitum
459 1726 597 1786 venienti
624 1725 738 1806 agmini
759 1724 886 1789 obiecit.
932 1726 1004 1782 Dux
1029 1739 1099 1785 erat
1121 1747 1176 1786 co·

178 1804 319 1884 piarum,
341 1826 417 1886 quas
439 1806 619 1884 praemisit,
655 1807 761 1890 Hages
783 1804 883 1864 lhater
910 1804 1023 1883 ipsius:
1054 1825 1176 1880 summe

142 1883 292 1965 qvirium
330 1884 362 1948 in
399 1885 555 1949 culmibus.
599 1884 699 1944 Senos
735 1883 817 1952 viros
855 1883 968 1963 singuli
1006 1883 1175 1954 vehebant,

181 1964 260 2022 duos
283 1964 446 2044 clipeatos,
465 1963 545 2026 duos
567 1965 756 2046 sagittarios,
776 1964 814 2023 ab
830 1975 970 2044 utroque
987 1961 1087 2022 latere
1112 1963 1176 2024 dis·

178 2043 319 2124 positos;
362 2043 490 2126 aurigae
522 2057 611 2104 erant
645 2044 764 2118 ceteri,
795 2042 881 2103 haud
918 2061 991 2100 sane
1024 2041 1176 2121 inermos,

178 2123 298 2203 quippe
329 2123 429 2196 iacula
461 2124 643 2202 complura,
682 2124 738 2181 ubi
777 2122 916 2188 eominus
952 2121 1176 2200 proeliandum

141 2218 157 2262 o
180 2213 257 2272 erat,
280 2202 401 2259 omissis
424 2201 564 2274 habenis,
587 2203 618 2259 in
637 2200 762 2260 hostem
784 2201 980 2281 ingerebant.
1023 2203 1176 2266 Ceterum
1262 2258 1266 2268 ,

179 2279 233 2338 vix
253 2281 336 2338 ullus
361 2301 436 2338 usus
457 2280 549 2338 liuius
571 2279 676 2338 auxilii
698 2300 736 2338 eo
765 2280 815 2339 die
835 2279 915 2343 duit.
956 2282 1118 2360 Namque,
1139 2294 1176 2342 ut

180 2359 411 2436 supradictum
435 2370 501 2432 est,
534 2359 637 2418 imber
665 2359 833 2434 violentius
863 2382 954 2442 quam
982 2359 1055 2417 alias
1084 2360 1176 2420 l'usus

180 2458 308 2516 campos
331 2438 470 2497 lubricos
493 2451 525 2497 et
547 2439 767 2520 inequitabiles
784 2439 924 2514 l'eeerat3
946 2459 1125 2518 gravesque
1141 2451 1176 2500 et

192 2517 412 2596 mopemodum
441 2517 618 2579 immobiles
645 2537 756 2578 currus
781 2518 893 2578 illuvie
914 2537 950 2578 ac
971 2517 1175 2598 voraginibus

143 2619 157 2675 q
180 2537 362 2660 haerebant.
398 2597 515 2658 Contra
535 2597 715 2668 Alexander
736 2599 885 2682 expedito
911 2617 946 2658 ao
967 2595 1031 2658 levi
1052 2597 1175 2677 agmine

180 2785 383 2816 -ηᾈι

232 2919 283 2969 25l
304 2919 330 2966 in
351 2929 517 2965 arcessentes
536 2927 564 2968 et
582 2933 620 2965 vv.
639 2932 713 2982 seqq.
731 2917 841 2966 turbant
860 2915 956 2979 codd,
972 2931 1086 2983 quorum
1105 2927 1174 2983 opti.

180 2983 281 3033 babent
296 2985 463 3032 arcessirent
490 2987 531 3034 vel
553 2993 722 3034 arcesserent
746 2992 818 3034 arcte
838 3002 898 3034 eum
917 3001 992 3050 seqq.
1013 2998 1174 3036 connexum.

180 3052 279 3099 omisso
299 3053 377 3099 artium
395 3069 418 3098 v.
438 3063 596 3118 occupante.

229 3119 275 3171 aot
294 3117 369 3169 Frsb.
391 3120 420 3166 in
438 3128 522 3177 rates,
544 3135 600 3168 eron
619 3127 713 3169 contra
729 3118 770 3168 Fl.
788 3116 866 3176 Laid.
886 3117 962 3167 Voss.
985 3125 1006 3172 l.
1023 3125 1047 3173 2.

182 3217 184 3220 -
230 3184 273 3248 27)
294 3186 370 3246 vulgo
386 3186 414 3232 in
434 3182 565 3235 ordinem,

248 3253 274 3308 al
293 3252 366 3300 l'rsb.
386 3252 497 3300 Porus
517 3251 620 3319 objecti.
787 3295 793 3310 ,

249 3318 275 3384 lt)
295 3319 364 3370 idom
385 3327 485 3386 transp.
505 3329 598 3370 eontra
616 3321 689 3372 Leid.
709 3323 786 3372 Voss.
809 3338 829 3372 ι.
849 3337 873 3372 a.
898 3321 927 3370 P.
951 3323 1034 3370 ceteri
1056 3325 1176 3392 attrigue

182 3401 268 3440 eruat.
