2686 3876
46 1901 51 1910 ,
132 1853 329 1902 'tutaverant
348 1843 415 1904 sine
444 1845 646 1906 cunctatione
667 1841 807 1906 confessi
830 1853 911 1907 sunt.

174 339 219 412 tan
472 368 492 400 ,-
521 342 560 410 ᾳ
576 339 693 398 curru
712 336 792 399 nort
821 357 825 364 =
888 377 891 396 ‚s
919 403 920 406 q

118 543 125 549 .
176 493 300 562 „tenen
317 491 498 556 ,meminisse
519 491 640 555 debere
661 478 797 555 eo'siam¹
811 491 906 554 viros¹
918 505 1007 553 esse:
1027 487 1123 573 idque
1141 489 1185 550 'ad

187 572 410 632 consolandam
433 568 619 652 patientiam
642 571 832 648 verberum,
862 590 900 631 an
927 569 1184 630 reinmundum

132 671 133 678 ¹
175 651 335 712 'iuvenum
358 650 505 714 dolorem
529 652 649 714 dictum
674 657 768 722 esset,
788 646 819 713 in
841 643 988 732 ambiguo
1010 647 1116 710 luisse.

147 730 183 774 ¹⁶
263 731 343 805 Rex,
365 731 458 790 animi
473 733 684 814 corporisque
700 749 818 812 sopore
839 730 993 806 discusso,
1013 748 1085 791 oum
1107 729 1186 790 tenti

144 847 145 850 =
209 807 331 886 ericuli,
352 831 415 892 quo
438 823 592 885 evaserat,
612 811 716 890 imago
745 810 846 872 oculis
877 809 1061 883 oberraret,
1082 811 1183 888 Eury-

185 827 313 949 lochum
336 892 362 948 It
377 891 504 956 talentis
526 902 559 951 et
580 890 744 951 cuiusdam
766 889 921 972 Tyridatis
945 887 1104 970 opulentis
1126 887 1183 948 bo·

185 967 232 1028 nis
253 970 397 1048 protinus
418 970 532 1046 donat,
557 967 777 1053 fratremque,
805 980 975 1052 antequam
996 989 1057 1048 pro
1082 969 1184 1028 seluto

110 1043 252 1108 *vein
266 1061 467 1128 precaretur,
490 1049 640 1112 restituit.
663 1048 802 1110 Sceleris
826 1061 931 1127 autem
953 1059 1118 1123 auctores,
1139 1047 1185 1108 iu·

147 1151 149 1155 ·
185 1139 302 1210 terque
319 1149 374 1190 eos
391 1129 614 1203 Callisthenen,
631 1129 753 1190 vinctos
768 1127 925 1190 asservari
940 1126 1047 1187 iubet:
1066 1126 1183 1210 quibua

186 1207 217 1270 in
241 1209 363 1289 regiam
385 1201 546 1281 adductis,
574 1219 644 1268 toto
670 1207 721 1268 die
746 1219 895 1271 etnocte
914 1207 1070 1288 proxima,
1091 1217 1182 1268 mero

186 1307 223 1349 oc
244 1287 358 1367 vigiliis
380 1288 502 1370 gravis,
519 1306 555 1347 ac
578 1287 701 1352 uierit.¹
749 1295 750 1299 ’
1027 1315 1029 1326 ·

146 1366 186 1437 24
264 1367 402 1426 Postero
432 1379 537 1428 autem
556 1308 718 1450 lnequeus
748 1363 914 1444 consilium
942 1363 1113 1436 adhibuit„
1131 1369 1183 1428 cui

184 1455 293 1528 patres
314 1445 551 1530 propinquique
576 1467 711 1522 eorum,
738 1443 915 1526 dequibus
936 1447 1110 1527 agebatur,
1137 1445 1183 1506 in·
1225 1449 1234 1456 '

184 1534 337 1600 tererent,
357 1544 398 1585 ne
421 1525 461 1588 de
483 1547 538 1586 sua
560 1527 689 1610 quidem
710 1525 811 1586 salute
833 1525 957 1586 securi:
1000 1525 1098 1607 uippe
1118 1530 1184 1588 Ma·

185 1603 342 1664 ordonum
363 1625 453 1668 more
478 1607 586 1688 perire
607 1604 785 1679 debebant,
819 1604 959 1665 omnium
978 1548 1111 1666 (devotis
1133 1627 1186 1667 oa·-

149 1681 320 1764 sopitibus,
341 1685 396 1766 qui
417 1686 567 1766 sanguine
585 1685 795 1766 contigissent
818 1703 885 1744 eos.
922 1686 999 1745 ‘Rex
1017 1683 1190 1748 introduci

186 1760 366 1822 sortiuratos
386 1777 517 1846 praeter
538 1763 764 1826 Callisthenen
776 1763 880 1824 iussit:
901 1776 996 1904 atque
1018 1785 1100 1846 quae
1119 1767 1183 1848 agi·

937 1875 939 1878 ·
957 1845 1181 1924 ncrepantihus

183 1921 299 1986 deinde
320 1923 477 1984 universis
498 1945 565 1999 eos,
587 1925 655 2005 ipse
679 1943 747 1996 rex,
769 1943 907 2004 quosuo
927 1923 1043 1984 merito
1059 1933 1182 1984 tarnum

183 2002 213 2062 in
236 2007 337 2061 setnet
353 2022 392 2063 co
416 2003 545 2064 itassent
565 2001 709 2064 facinus?
729 2002 914 2083 interrogat.
947 2002 1109 2083 Stupenti-

183 2079 242 2140 bus
255 2081 382 2152 ceteris,
430 2085 599 2160 ermolaus,
618 2084 684 2140 Nos
708 2101 796 2147 vero,
817 2080 930 2162 inquit,
947 2082 1108 2164 quoniam,
1121 2080 1177 2120 W·

147 2175 150 2181 ‘
183 2160 273 2242 quasi
293 2161 426 2234 nescias,
444 2159 590 2242 quaeris,
612 2159 779 2239 occidendi
794 2171 827 2218 te
842 2161 1007 2222 consilium
1024 2163 1180 2242 inivimus,

116 2301 121 2305 ,
183 2238 340 2320 quianon
360 2249 396 2298 ut
416 2240 558 2320 ingenuis
580 2240 739 2332 imperare
765 2237 917 2318 coepisti,
948 2241 1006 2302 sed
1033 2246 1121 2324 quasi
1148 2247 1181 2306 in

145 2316 336 2396 emancipiu
357 2316 540 2378 dominaris.
580 2321 708 2378 Primus
737 2336 775 2376 ex
802 2317 947 2378 omnibus
968 2332 1061 2401 pater
1081 2323 1179 2406 ipsius

183 2393 320 2475 Sopolis,
341 2396 532 2475 parricidam
557 2397 651 2466 otiam
677 2397 817 2478 parentis
845 2399 893 2457 sui
919 2400 1077 2460 clamitans
1100 2423 1179 2480 esse,

180 2475 358 2556 conssrrgit,
380 2475 474 2535 etad
497 2498 532 2538 os
553 2497 646 2538 manu
668 2475 804 2546 obiecta,
826 2478 950 2540 scelere
972 2491 1004 2538 et
1024 2481 1112 2541 malis
1134 2485 1179 2544 in-

88 2629 93 2636 ·
144 2553 353 2614 saeuientem
374 2555 457 2614 ultra
477 2549 572 2640 seirat
592 2553 794 2617 audiendum.
837 2558 908 2618 Rex
932 2558 1064 2620 inhibito
1087 2575 1178 2642 patro

181 2632 296 2694 dicere·
314 2635 523 2696 Hermolaum
553 2635 652 2712 iubet,
702 2655 760 2694 uae
782 2656 821 2696 ex
844 2637 995 2718 magistro
1017 2639 1179 2704 didicisset

160 2769 163 2773 .
184 2711 388 2775 Callisthene.
411 2715 454 2774 Et
474 2715 677 2790 Hermolaus,
722 2725 785 2786 tor,
801 2715 913 2797 inquit,
932 2717 1089 2788 beneficio
1110 2733 1178 2801 tuo,

144 2809 157 2846 a
185 2803 219 2852 et
239 2789 310 2852 dico
333 2812 416 2874 quae
438 2796 554 2856 nostris
575 2794 664 2854 malis
692 2791 798 2858 didici.
843 2795 951 2886 Quota
979 2819 1053 2878 pars
1074 2803 1178 2864 Mace-

184 2869 302 2930 donum
323 2871 472 2936 saeritise
492 2887 566 2937 tuae
584 2870 754 2954 superest?
784 2886 901 2958 quotus
923 2876 1054 2959 quidem
1073 2903 1137 2943 non
1159 2903 1177 2944 e

188 3005 379 3024 Μ

204 3089 273 3159 ’,26)
292 3089 367 3140 Frsh.
388 3087 651 3172 querdfleooserot,·
682 3096 716 3150 al.
744 3113 799 3170 quo
823 3098 874 3151 vel.
901 3095 981 3170 quod
1000 3099 1124 3154 evaserit.
1143 3129 1184 3196 -q-

180 3155 251 3211 ldem
270 3156 346 3208 Frsls.
367 3161 489 3228 oprderrtr
498 3177 509 3222 ,·
527 3161 625 3216 deinde
643 3171 745 3235 transp.
764 3167 851 3218 donat
865 3170 1009 3238 protinus.
1170 3199 1171 3205 =

229 3241 263 3301 .²7
294 3226 372 3278 Voss.
391 3243 415 3276 a.
436 3229 467 3276 r'n
486 3231 585 3296 regim·
605 3234 661 3284 Pal.
682 3243 705 3290 1.
724 3229 868 3293 deducus(

171 3336 174 3348 ,
232 3296 265 3352 28
296 3295 330 3343 ul.
354 3296 509 3364 corrcr‘ls'um.
527 3325 560 3337 -
575 3300 607 3354 P.
628 3319 674 3352 eos
691 3301 796 3370 contr'g.
814 3313 881 3354 mut.
895 3303 957 3354 ord.

231 3367 266 3427 29
297 3362 376 3416 Voss.
395 3380 488 3413 uren
504 3383 602 3418 vero.
764 3389 766 3396 ·
821 3387 825 3396 ·
894 3371 896 3376 ’
977 3373 979 3378 ’

248 3434 267 3485 o
298 3429 448 3500 P.,trausp.
466 3448 594 3504 superest
616 3453 692 3498 rosv,
714 3447 786 3506 tuae.
816 3463 851 3480 ι-
885 3437 961 3491 Frsh.
985 3446 1079 3493 contra
1106 3447 1175 3510 opto.
