2688 3872
439 355 483 404 DE
503 349 625 404 Gestis
641 349 807 415 Acamas,
830 368 867 402 aa.
1101 357 1150 412 129

159 500 351 584 periclitari,
383 499 533 578 sanguine
572 507 682 560 nostro
720 497 943 561 commendare
971 499 1151 582 posteritati

159 596 250 642 tuum
273 601 398 646 nomen.
439 578 580 640 Proinde
604 578 631 638 si
650 597 850 658 perseveras,
868 580 1005 641 inermes
1021 601 1151 663 quoque

85 684 87 694 ¹
161 676 194 724 et
214 661 290 723 nardi
310 673 343 722 et
367 680 562 738 exsangues,
591 669 749 740 utcunque
770 657 827 716 tibi
851 660 1019 736 cordiam,
1044 661 1150 743 sequi·

159 764 242 816 saur,
266 741 315 802 vel
336 739 562 800 antecedimus.
603 737 668 798 Sed
699 738 725 796 si
754 738 863 798 audire
891 740 950 798 vis
971 761 1034 800 nan
1060 737 1149 800 listas
1176 767 1191 812 a

160 836 289 884 tuorum
311 821 444 880 militiam
468 839 581 895 voces,
607 837 720 880 rerum
747 821 935 878 necessitate
962 821 1071 880 ultima
1098 841 1151 882 ex·

158 921 296 984 pressas,
317 900 449 981 praebe,
471 919 599 982 quaeso,
622 898 774 978 propitias
798 918 890 958 aures
911 898 1079 980 imperium
1106 913 1151 962 at·

160 1004 223 1067 que
248 980 420 1061 auspicium
441 991 532 1040 tuum
553 978 802 1040 constantissime
817 978 942 1046 secutis,
961 991 995 1038 et
1010 1000 1151 1061 quocun.

160 1084 224 1146 que
269 1081 353 1141 ergts
375 1059 540 1118 secuturis.
567 1057 689 1126 vicisti,
711 1079 785 1135 rex,
805 1058 1018 1119 maanitudine
1042 1083 1151 1122 rerum
1177 1083 1191 1128 7

158 1165 221 1204 non
243 1082 350 1202 dostes
373 1139 481 1213 modo,
502 1137 559 1198 sed
580 1137 673 1198 etiam
694 1139 817 1199 milites.
852 1106 1015 1226 Quicquid
1035 1155 1150 1203 nioma-

158 1224 229 1282 litas
251 1241 368 1302 capere
390 1229 534 1302 poterat,
556 1219 765 1299 implevimus.
804 1219 947 1280 Emensis
967 1221 1064 1287 maria
1085 1233 1150 1282 ter·

158 1321 275 1385 sasque
296 1302 408 1362 melius
428 1300 531 1373 nobis,
569 1320 664 1382 quam
687 1299 818 1368 incolis,
841 1299 944 1360 omnia
971 1311 1047 1362 nota
1068 1313 1151 1363 siant.

158 1385 265 1444 Paene
287 1382 325 1447 in¹
339 1382 451 1444 ultimo
471 1381 581 1442 mundi
605 1377 668 1440 line
689 1379 897 1448 consistimus.
926 1379 960 1440 ln
981 1381 1077 1442 alium
1099 1403 1149 1444 or·
1174 1402 1190 1447 a

157 1463 230 1532 hem
252 1483 343 1543 paras
365 1463 432 1536 ire,
459 1474 492 1522 et
512 1460 629 1521 Indiam
654 1461 781 1544 quaeris
802 1459 884 1520 Indis
907 1482 1037 1544 quoque
1060 1462 1150 1544 igno·

158 1553 239 1602 tam:
283 1542 366 1602 inter
393 1541 478 1600 l'eras
514 1540 745 1634 serpentesque
780 1539 933 1622 degentes
965 1562 1081 1604 eruere
1111 1561 1150 1604 ex

80 1655 82 1659 v
157 1622 288 1684 latebris
308 1635 340 1687 et
361 1620 515 1681 cubilibus
536 1641 600 1680 su1s
623 1620 755 1700 expetis,
779 1633 815 1679 ut
838 1623 948 1701 plura,
981 1645 1074 1716 quam
1101 1625 1150 1686 sol

156 1702 257 1776 videt,
277 1700 411 1762 victoria
431 1699 556 1760 lustres.
595 1699 699 1778 Digna
719 1719 851 1780 prorsus
873 1703 1023 1782 cogitatio
1046 1704 1148 1764 annno
1175 1723 1190 1766 s

157 1795 232 1856 tuo,
253 1780 310 1839 sed.
330 1780 573 1841 altior-nostro.
623 1779 732 1842 Virtus
766 1779 847 1838 enim
876 1791 930 1839 tua
960 1801 1086 1862 semper
1117 1783 1169 1842 in.

156 1861 353 1918 interemento
382 1857 460 1932 erit,
487 1871 595 1918 nostr-a
621 1859 668 1920 vis
688 1857 749 1916 iam
776 1857 808 1916 in
836 1855 980 1923 [ineest.
1023 1863 1188 1922 lntuereto

158 1957 296 2017 corpora
317 1937 501 2018 exsanguia,
523 1949 572 1996 tot
596 1935 743 2017 perfossa
763 1936 966 2007 vulneribus,
998 1951 1048 2000 tot
1069 1941 1150 2000 oica-

155 2017 290 2080 tricihus
311 2016 426 2098 putria.
468 2020 532 2078 lam
553 2017 616 2076 tela
637 2015 765 2077 hebetia
789 2028 878 2078 sunt:
905 2019 965 2078 iam
986 2041 1071 2080 arma
1096 2021 1150 2082 de-

156 2098 274 2158 liciunt,
325 2098 456 2160 Vestem
482 2097 645 2158 Persicam
672 2094 845 2166 induimus,
876 2099 948 2182 quia
976 2099 1167 2162 domestica»

103 2244 106 2250 ,
156 2177 290 2240 subvehi
307 2199 373 2238 nou
393 2189 517 2259 potest.
546 2180 580 2237 ln
609 2188 775 2239 externum
799 2175 1148 2260 degeneravimuscul·
1228 2211 1232 2220 =

155 2270 232 2318 tuni.
276 2259 385 2344 Quoto
407 2261 523 2342 cuique
551 2258 652 2318 lorica
676 2257 748 2318 est?
787 2259 856 2342 quis
885 2281 1004 2344 equum
1029 2260 1183 2323 hal›et?11

154 2339 231 2400 iube
261 2339 388 2423 quaeri,
421 2362 515 2422 quam
548 2339 665 2399 multos
692 2339 777 2400 servi
808 2337 949 2422 ipsorum
983 2346 1157 2424 persecuti·

153 2420 222 2494 sint,
242 2421 316 2503 qnid
339 2417 454 2502 carique
476 2419 615 2501 supersit
636 2438 675 2480 ex
695 2419 822 2500 praeda.
868 2420 1017 2482 Omnium
1047 2424 1145 2485 vieto-

153 2519 207 2558 res
227 2502 364 2560 ommuni
385 2501 495 2581 inopes
517 2521 632 2560 sunaus.
653 2501 720 2558 Nec
742 2501 862 2559 luxuria
874 2501 1064 2577 laboramus,
1087 2503 1144 2562 sed

152 2577 249 2640 bello·
272 2581 478 2645 instrumenta
506 2580 583 2641 belli
609 2580 848 2642 consumsimus.
888 2583 982 2641 Hunc
1010 2595 1046 2640 tu
1075 2583 1185 2661 pul-12

86 2688 88 2692 ·
153 2657 346 2720 cher-nimum
367 2661 543 2722 exereitum
562 2661 680 2720 nudum
704 2656 836 2720 obiicias
856 2657 986 2730 beluis?
1008 2681 1142 2743 quarum

153 2749 190 2797 ut
202 2739 433 2798 multitudinem
457 2753 592 2823 augeant
607 2741 646 2800 de
662 2737 815 2799 industria
837 2737 975 2816 barbari,
997 2739 1143 2821 sisagriam

152 2818 258 2878 tamen
291 2838 359 2878 csse
393 2841 558 2880 nostrerum
587 2820 755 2880 etiamen
791 2817 957 2880 mendacio
987 2820 1141 2902 intelligo,

151 2896 278 2984 Quodsi
301 2897 402 2958 adhuc
433 2913 603 2982 penetrare
623 2900 654 2959 in
677 2899 796 2958 Indiam
819 2909 942 2958 certum
965 2913 1028 2978 est,
1049 2902 1182 2984 regiola

158 3027 352 3042 ’.ιὰ-υ.-

220 3111 249 3164 6)
268 3112 346 3168 Voss.
366 3119 390 3168 2.
410 3117 559 3182 propitius.
951 3153 959 3167 t

221 3179 247 3244 ς)
267 3189 334 3246 optt.
352 3181 438 3232 Codd.
460 3183 558 3231 eistensi
570 3183 596 3232 in
615 3172 790 3247 dominativo,
810 3186 1009 3250 proculdubio
1029 3196 1057 3237 ut
1079 3203 1146 3237 con·

68 3245 76 3249 ⁸
157 3249 280 3313 inungatur
303 3265 363 3298 cum
387 3251 618 3317 praecedentibus.
941 3287 942 3290 =

219 3323 247 3380 9]
268 3318 343 3366 Voss.
362 3323 386 3370 Q.
407 3331 454 3368 tuo
474 3322 571 3368 altimo.
595 3347 624 3354 —-
645 3319 679 3367 al.
698 3327 796 3383 transp.
818 3323 871 3370 tam
891 3321 991 3389 influe
1010 3333 1060 3371 est.

206 3385 245 3449 is)
264 3388 322 3434 sint
345 3396 382 3446 est
402 3387 435 3449 sle
455 3392 536 3450 coni„
558 3387 646 3442 Codd.
666 3401 780 3438 susat.--
798 3391 845 3439 cui
859 3388 929 3458 quid
938 3394 1054 3458 supersit
1067 3391 1144 3442 Voss.

154 3458 178 3506 2).
198 3453 314 3509 'l‘ltroer,
1157 3457 1159 3462 ’

189 3535 297 3586 Curtius
316 3538 361 3588 111.
931 3547 947 3598 9
