2686 3876
151 316 187 370 oo
411 306 432 358 ‘.
473 299 678 370 ,Qettmn
700 301 782 359 fluet
868 339 870 348 .

155 456 274 538 quippe
296 451 380 534 apud
400 469 457 514 eos
483 451 666 534 parentibus
694 457 805 533 stupro
831 451 918 512 coire
943 453 1023 510 cum·
1038 449 1150 512 liberis

120 543 282 600 notescat.
323 536 353 592 ls
374 533 500 594 armatis
520 531 745 613 popularibus,
771 531 880 594 fauces
907 529 1064 612 regionis,
1088 553 1151 614 qua

155 618 186 677 in
221 614 408 676 artissimum
441 613 586 694 cogitur,
622 605 724 673 valido
764 609 956 676 munimento
970 613 979 666 ζ
993 623 1150 692 sepserat.

155 691 410 756 Praeterfluebat
429 703 555 754 torrens
585 691 700 762 amnis:
716 697 824 774 ‚tergo
847 702 942 772 ,petra
968 691 1150 752 claudebat:

120 777 234 838 2¹banc
254 795 347 834 manu
367 773 509 852 perviam
529 771 651 832 incolae
676 772 828 834 fecerant.
870 769 934 830 Sed
955 769 1058 830 aditus
1080 792 1152 852 spe-

157 875 212 917 cus
233 853 347 935 accipit
366 853 487 928 lucem,
509 852 677 926 interiora,
697 851 756 912 nisi
778 851 866 912 illato
887 849 1015 925 lumine,
1037 851 1153 924 ,obscua
1206 857 1217 870 ’“

157 957 192 996 ra
213 945 295 998 sunt.
318 935 512 1026 Perpetuus
535 931 697 992 cuniculus
718 931 780 992 iter
822 930 933 992 racbet
948 930 988 1012 ‘in
1010 951 1153 1013 campos,

119 1017 303 1098 22ignotum
323 1013 382 1074 nisi
402 1011 566 1093 mdigcnis.
610 1013 653 1071 At
673 953 866 1087 Alexander,
887 1031 981 1094 quam
1005 1033 1077 1072 uam
1099 1033 1155 1072 an-¹

182 1095 276 1156 ostias
298 1093 434 1156 naturali
460 1093 522 1152 situ
550 1091 683 1152 munitas
704 1088 808 1152 valida
828 1113 922 1152 manu
936 1034 1062 1154 barbari
1084 1103 1159 1152 mea

158 1117 291 1249 bantur,
323 1185 429 1236 tamen
469 1171 621 1232 arietibus
664 1171 796 1232 admotis
824 1167 1031 1248 munimenta,
1070 1193 1160 1256 quae¹

159 1277 252 1318 manu
278 1253 423 1314 adiuncta
443 1263 542 1327 erant,
564 1251 739 1324 concussit,
769 1249 941 1334 fundisque
970 1265 1004 1315 et
1031 1253 1161 1334 sagittis·

182 1333 428 1417 ropugnantium
450 1333 627 1414 plerosque
645 1330 775 1392 deiecit:
804 1334 966 1414 quos..ubi
991 1332 1164 1428 dispcpsos

159 1358 295 1498 ingerit,
314 1413 418 1474 ruinas
434 1411 698 1472 munimentorum
719 1431 947 1504 supergressus
972 1415 1011 1474 ad
1023 1425 1164 1552 petram·

89 1523 95 1536 ¹
126 1494 301 1561 2³admovit
331 1491 517 1554 exercitum.
562 1492 718 1554 ,Ceterum
756 1493 990 1555 interveniebat
1045 1493 1153 1566 uvius,

162 1573 352 1636 coeuntibus
373 1572 461 1655 aquis
482 1591 521 1631 ex
542 1571 709 1652 superiore
723 1570 854 1654 fastigio
882 1572 914 1632 in
934 1575 1064 1634 voltam:
1092 1569 1156 1632 ma·

163 1653 280 1740 guique
302 1673 325 1714 o
347 1652 415 1720 eris,
429 1651 596 1713 videbatur
616 1663 680 1716 tam
701 1663 820 1712 vastam
840 1655 1026 1736 voraginem
1048 1655 1156 1734 exple·
1205 1701 1208 1706 Δ

129 1741 210 1798 2¹tre.
256 1673 353 1794 Caedi
373 1744 477 1792 tamen
506 1731 639 1795 arbores
664 1743 697 1792 et
725 1751 798 1794 saxa
824 1735 955 1816 congeri
974 1733 1084 1799 iussit:
1111 1733 1157 1792 in-

164 1833 306 1898 gensque
334 1812 486 1876 barbaros
513 1833 631 1894 pavor,
663 1811 761 1873 rudes
782 1812 822 1873 ad
843 1815 915 1874 talia
936 1835 1052 1897 opera,
1082 1833 1163 1874 con-.

165 1905 316 1970 euaserat,
338 1894 504 1954 excitatam
523 1893 640 1960 molem
653 1893 769 1953 subito.
786 1907 963 1955 cernentes.
1015 1951 1017 1954 .

125 1983 146 2046 9
211 1965 216 1976 ²
244 1965 353 2057 ltaque
374 1993 432 2034 rex
453 1971 493 2033 ad
515 1971 716 2032 deditionem
729 1985 816 2032 metu
834 1995 930 2055 posse
946 1972 1095 2067 compelli
1108 1993 1181 2034 ran,
1214 2018 1225 2028 ,

165 2069 227 2130 tus,
248 2053 390 2114 Oxarten
411 2052 494 2112 misit
513 2053 646 2113 nationis
668 2051 819 2132 eiusdem,
846 2055 903 2114 sed
923 2055 1049 2117 ditionis
1065 2073 1159 2128 suae,

129 2137 221 2222 toqui
242 2133 390 2195 suaderet
411 2131 493 2200 duci,
514 2143 549 2190 ut
570 2129 713 2191 traderet
732 2142 869 2211 petram.
897 2135 1024 2198 Interim
1044 2133 1085 2192 ad
1105 2150 1170 2192 au:

168 2215 303 2298 gandam
316 2211 518 2274 formidinem
532 2221 566 2269 et
578 2221 685 2270 turres
700 2210 958 2287 admovebantur,
979 2226 1012 2274 et
1028 2233 1169 2274 excussa·

167 2293 333 2357 tormentis
348 2291 414 2350 tela
434 2288 598 2348 micabant.
619 2291 729 2372 ltaque
751 2292 903 2354 verticem
924 2307 1053 2376 petrae,
1074 2294 1160 2354 omni

134 2374 231 2438 etalio
252 2369 412 2453 praesidio
434 2367 590 2444 damnato,
610 2369 807 2510 petiverunt.
840 2375 883 2435 At
904 2374 1040 2435 Oxartes
1060 2374 1159 2454 trepi-

169 2454 246 2516 dum
278 2449 540 2529 diffidentemque
572 2471 608 2510 re
631 2469 668 2510 us
688 2449 766 2522 ,suis
800 2451 1017 2532 Sysimithrem
1051 2454 1160 2534 coepit

169 2531 301 2610 hortari,
322 2543 358 2592 ut
378 2526 474 2590 fidem
495 2549 589 2611 quesn
616 2530 680 2591 vim
701 2530 911 2598 Macedonum
924 2535 1039 2596 ,mallet
1063 2553 1166 2614 expe·

170 2613 245 2688 riri,
274 2632 337 2674 neu
361 2613 543 2685 moraretur
569 2607 803 2672 festinationem
837 2615 968 2678 victoris
1001 2614 1161 2674 exercitus

79 2758 82 2761 ,
170 2693 202 2753 in
223 2691 340 2754 Indiam
367 2687 541 2772 tendentist
571 2689 624 2750 cui
650 2687 793 2773 quisquis
820 2707 922 2757 semet
950 2692 1104 2789 pfferret,
1128 2693 1161 2752 in

224 2937 268 3008 so)
287 2954 438 3010 sepserant,
457 2936 530 3010 quod
546 2941 621 2996 Frsb.
640 2941 733 3008 dedit,
757 2953 796 2996 est
814 2944 849 2995 de
868 2947 948 3011 coni.;
966 2943 1053 2996 Codd.
1073 2959 1162 3012 sepse·

141 3033 146 3044 ι
174 3017 229 3062 rot.
264 3034 297 3047 -·
330 3008 405 3058 Frsh.
434 3020 526 3062 eontra
553 3020 620 3080 optt.
643 3011 730 3067 Codd.
749 3012 824 3064 addit
841 3029 859 3062 α
877 3023 964 3080 tergo,
982 3011 1054 3080 quod
1073 3022 1164 3062 tamen

176 3075 292 3128 Theocr.
310 3076 400 3128 babet.
1103 3093 1106 3100 ·

226 3143 271 3212 21)
289 3145 330 3194 Fi.
346 3145 423 3208 Leid.
443 3146 493 3199 Tb.
510 3147 597 3199 aditu.
629 3176 661 3186 -
696 3155 764 3218 optt.
785 3148 873 3199 Codd.
894 3163 945 3216 pro
965 3145 1084 3198 obscura
1101 3159 1167 3198 sunt

176 3211 301 3265 exhibent
316 3213 424 3266 obsunt.
525 3251 532 3269 s

180 3279 183 3290 i
215 3281 271 3350 ¹su)
292 3277 369 3333 Frsh.
387 3284 504 3334 mum'tas
521 3299 554 3332 ac
570 3280 696 3333 validas.
711 3307 743 3321 -
759 3289 828 3350 optt.
847 3279 934 3333 Codd.
952 3281 1032 3332 etiam
1050 3282 1165 3338 Theocr.

178 3361 393 3487 ευρξέῐςέεεῖιωζ
411 3381 445 3432 '.’
464 3352 544 3470 bVoss.
558 3367 582 3402 α.
601 3353 690 3402 movit.
1087 3349 1089 3354 ’

306 3435 332 3470 rs
353 3437 462 3472 .emtca
480 3433 538 3471 ant.
562 3429 564 3436 ’
