2688 3872
448 433 491 483 DE
511 431 631 483 GESTlS
651 434 751 483 ALEX.
772 435 806 500 X,
822 443 861 492 aa.
1101 445 1148 496 ηε)

161 593 222 632 rare
248 583 365 632 solitum.
399 573 508 631 Ab'ats
537 581 676 633 Persarum
704 597 780 649 reges
813 601 901 636 annuo
928 589 1029 637 triluito
1054 605 1148 656 pacem

91 655 94 659 “
156 650 293 699 redimere
318 657 530 712 consueverant,
565 667 598 700 ne
628 652 654 700 in
677 651 798 702 subiecta
824 653 997 705 decurrentes
1027 657 1147 706 infestam

156 719 305 768 ¹latrociniis
324 717 461 782 regionem
480 717 608 768 iacerent.
651 719 718 767 Nam
736 720 937 771 vimtentantes
958 725 1056 772 Persas
1071 726 1148 776 t'acile

156 789 323 854 repulerant,
343 783 484 852 asperitate
502 788 625 836 locorum
644 785 764 851 defensi,
790 790 816 838 in
840 806 908 855 quae
926 805 954 858 se
972 793 1146 860 recipiebant,

159 856 265 921 quoties
284 853 363 904 armis
381 854 586 916 superabantur,
623 853 707 904 Iidem
727 855 880 906 muneribus
899 861 1040 924 quotannis
1058 864 1147 926 placa·

158 921 266 983 bantur,
286 921 389 986 ast-regi
407 921 559 984 Ecbatanis,
577 923 624 973 ubi
636 924 738 973 'aestiva
757 924 863 975 solebat
877 937 974 992 agere,
987 928 1147 994 Babylonem

157 991 313 1055 remigranti
341 996 413 1040 tutus
439 1005 489 1058 per
516 1006 547 1040 ea
574 992 636 1042 loca
659 993 785 1042 transitus
803 1001 880 1043 esset.
915 994 967 1043 Hos
986 995 1066 1057 igitur
1084 1000 1147 1047 Ale-

157 1056 267 1117 xander,
284 1055 411 1122 bipartito
434 1059 537 1122 agmine
556 1075 708 1125 aggressus,
732 1062 799 1110 intra
819 1059 991 1127 quadraginta
1009 1063 1065 1112 dies
1085 1081 1146 1130 per·

158 1123 273 1175 domuit.
309 1125 377 1174 Nam
394 1126 427 1176 ab
445 1127 503 1192 ipso
521 1141 583 1192 rege
603 1135 628 1176 et
646 1128 811 1192 Ptolemaeo,
831 1129 875 1194 qui
895 1137 997 1196 partem
1018 1134 1147 1183 exercitus

155 1193 285 1254 ducebat,
303 1210 384 1260 saepe
404 1196 484 1258 caesi,
503 1203 533 1242 ut
551 1195 750 1262 captivos'suos
769 1198 937 1263 reciperent,
956 1200 1101 1264 permisere
1119 1217 1147 1248 se

156 1261 263 1309 victori.
300 1262 349 1312 llle
374 1262 474 1312 validas
498 1262 578 1311 urbes
604 1265 764 1330 opportunis
794 1266 861 1314 locis
886 1266 982 1314 exstrui
1003 1267 1094 1326 iussit,
1113 1280 1170 1316 ue‘

157 1327 276 1379 abducto
304 1333 420 1380 exercitu
449 1331 507 1381 sera
534 1347 597 1394 gens
621 1329 802 1382 obedientiam
825 1341 941 1383 erueret.
979 1333 1059 1382 ltlotis
1086 1336 1147 1386 inde

156 1398 266 1460 castris,
285 1407 314 1446 ut
334 1399 444 1450 militem
470 1397 641 1466 expeditione
670 1402 769 1450 recenti
796 1400 892 1451 sessum
916 1401 1055 1462 reficeret,
1072 1404 1147 1452 lento

158 1467 262 1528 agmine
288 1464 448 1531 Babylonem
473 1465 647 1534 procedebat.
693 1468 864 1534 lamque'vir
890 1471 995 1535 triginta
1020 1471 1052 1519 ab
1081 1469 1146 1520 urbe

155 1527 252 1582 'stadiis‘
269 1532 371 1594 aberat,
391 1552 450 1584 cirin
469 1533 606 1585 Nearchus
632 1536 766 1598 occurrit,
796 1554 874 1604 quern
894 1554 942 1605 per
961 1539 1099 1591 Oceanum
1119 1549 1147 1588 et

155 1600 298 1668 Euphratis
317 1602 385 1650 ostia
407 1601 569 1668 Babylonem
591 1605 780 1670 praemiserat:
801 1604 966 1670 orabatque,
988 1622 1019 1654 ne
1040 1608 1145 1658 latialem

152 1669 206 1718 sibi
229 1669 324 1719 turbem
352 1672 431 1718 vellet
458 1667 568 1734 ingredi.
607 1670 781 1734 Compertum
807 1671 831 1720 id
861 1673 912 1721 sibi
938 1691 968 1723 ex
994 1673 1145 1732 Chaldaeis,

155 1739 201 1804 qui
219 1737 310 1786 multis
330 1738 381 1786 iam
400 1737 617 1804 praedictionum
642 1737 778 1788 eventibus
804 1741 867 1790 artis
877 1757 940 1790 suae
959 1743 1145 1794 certitudinem

155 1805 261 1854 abunde
280 1805 473 1871 probavissent,
513 1806 583 1870 Rex,
603 1805 674 1854 lama
693 1821 785 1854 eurum
803 1806 940 1856 hominum
960 1813 1146 1876 constantique

155 1874 348 1929 asseveratione
367 1883 468 1936 motus,
484 1873 596 1922 dimissis
615 1875 640 1922 in
660 1873 754 1922 urbem
769 1875 914 1925 amicorum
934 1877 1076 1943 plerisque,
1095 1879 1144 1928 alia

156 1943 196 1990 via
214 1950 321 2007 praeter
340 1941 500 2009 babylonem
521 1939 612 2003 ducit,
640 1957 670 1990 ac
697 1942 820 1991 ducentis
849 1941 909 1992 inde
935 1942 1026 1992 stadiis
1054 1948 1145 1994 statiua

154 2010 236 2058 locat.
274 2008 326 2058 Sed
344 2010 377 2058 ab
398 2007 554 2059 Anararcho
575 2008 739 2075 philosopho
758 2009 885 2071 edoctus,
904 2013 1044 2060 contemtis
1064 2012 1163 2062 Chal·'

155 2075 285 2124 dacorum
302 2079 430 2140 monitis,
450 2093 563 2144 quorum
583 2075 750 2143 disciplinam
772 2078 877 2126 inanem
896 2085 940 2126 ant
956 2082 1143 2144 supervacuam
1171 2083 1179 2091 '

153 2144 352 2209 arbitrabatur,
379 2147 472 2195 urbem
491 2147 581 2195 intrat.
618 2145 776 2210 Legationes
801 2159 833 2194 eo
857 2161 889 2195 ex
911 2146 1033 2196 universo
1060 2149 1153 2201 ferme.

155 2209 222 2263 orbe
242 2213 433 2266 confluxerant.
462 2211 566 2276 Quibus
585 2228 635 2281 per
653 2215 804 2280 complures
824 2211 880 2262 dies
899 2212 1018 2264 studiose
1036 2215 1143 2280 auditis,

154 2279 283 2345 deinceps
308 2281 341 2330 ad
369 2280 570 2348 Hephaestionis
604 2282 742 2346 exsequias
775 2281 872 2332 adiecit
900 2283 1025 2332 animum.
1068 2286 1143 2348 Quae

153 2365 255 2396 autumo
279 2351 402 2398 ‘omnium
427 2349 516 2398 studio
545 2351 580 2400 ita
608 2349 758 2400 celebratae
782 2357 860 2414 sunt,
889 2359 916 2399 ut
932 2353 1029 2400 nuliius
1053 2355 1085 2403 ad
1115 2353 1141 2402 id

153 2418 257 2481 tempus
283 2417 351 2484 regis
370 2419 465 2468 feralia
490 2417 671 2482 niagnitndinc
695 2426 830 2468 sumtuum
858 2426 1051 2486 apparatusque
1070 2423 1142 2471 cele·

152 2483 249 2532 britate
269 2501 323 2534 non
340 2487 461 2537 vicerint.
499 2487 563 2537 Post
582 2485 649 2537 haec
668 2485 767 2552 cupido
786 2487 895 2536 incessit
916 2489 970 2552 regi
991 2503 1040 2554 per
1055 2490 1141 2538 Palla-

154 2566 248 2615 copam
268 2567 371 2602 amnem
387 2555 419 2603 ad
432 2553 552 2604 Arabum
568 2554 683 2603 confinia
702 2552 860 2618 navigandi;
879 2569 933 2618 quo
951 2553 1064 2618 delatus,
1080 2555 1140 2604 urbi

87 2624 91 2634 '
154 2616 312 2668 condendae
329 2620 472 2670 commoda
488 2621 552 2670 sede
570 2629 687 2685 reperta,
707 2620 875 2670 Graecorum
892 2627 977 2670 aetate
992 2629 1036 2669 aut
1049 2623 1141 2671 vulne.

152 2684 226 2734 ribus
244 2685 384 2744 invalidos,
403 2695 430 2736 et
448 2689 468 2735 si
488 2689 533 2750 qui
552 2695 649 2752 sponte
666 2695 858 2746 remanserant,
874 2686 913 2735 ihi
925 2687 1053 2738 collocat.
1074 2689 1140 2751 Qui·

151 2753 201 2816 hus
221 2769 253 2802 ex
271 2755 400 2802 sententia
418 2754 555 2819 perfectis,
578 2753 630 2801 iarn
650 2753 732 2802 saturi
749 2769 857 2802 securus
877 2753 1026 2804 Chaldaeos
1045 2757 1138 2806 irride·

153 2819 209 2883 bat,
235 2817 308 2887 quod
333 2821 494 2886 Babylonem
521 2836 575 2869 non
604 2821 734 2885 ingressus
764 2828 866 2869 tantum
894 2829 962 2870 esset
989 2824 1138 2884 incolumis,

153 2883 244 2937 'veriam
264 2889 344 2937 etiarn
365 2890 528 2938 excessisset.
557 2889 696 2938 Enimuero
714 2889 856 2937 revertenti
875 2903 924 2956 per
939 2889 1059 2960 paludes,
1076 2911 1138 2955 quas

152 2955 301 3024 Euphrates
320 2957 346 3005 in
365 2957 536 3024 Pallacopam
563 2955 658 3004 effusus
679 2955 770 3014 eflicit,
797 2955 905 3004 lordum
925 2973 1003 3006 omen
1021 2956 1137 3011 oblatum

151 3033 199 3077 est.
241 3024 350 3092 Quippe
368 3027 434 3074 rami
453 3025 568 3090 desuper
594 3021 778 3091 impendentes
796 3023 946 3072 ‹letractnm
966 3027 1045 3093 capiti
1065 3031 1138 3094 regio

152 3092 274 3157 diadema
298 3093 472 3160 proiecerunt
497 3093 523 3142 in
542 3092 645 3160 linctus.
688 3087 755 3141 Cum
784 3091 881 3141 deinde
907 3093 958 3160 alia
982 3109 1063 3160 super
1088 3099 1137 3146 alia

152 3159 308 3228 prodigiosa
325 3169 350 3210 et
369 3160 481 3212 minacia
500 3159 704 3222 nuntiarentur,
732 3159 906 3226 procurandis
928 3161 959 3208 iis
979 3160 1084 3214 Graeco
1103 3167 1138 3214 si·

152 3230 207 3277 mul
229 3227 400 3293 barbaroque
425 3231 476 3278 ritu
505 3228 631 3278 continua
649 3225 814 3278 sacra'sacta
838 3236 906 3281 sunt.
936 3229 1029 3294 Neque
1049 3239 1136 3280 tamen

154 3295 253 3362 expiari
273 3303 460 3362 praeterquam
479 3301 567 3346 morte
585 3296 654 3359 regis
673 3302 795 3362 potuere.
822 3295 874 3360 Qui
902 3311 963 3345 cum
985 3299 1136 3349 Nearchum

153 3363 300 3431 excepisset
320 3366 456 3424 convivio,
477 3366 581 3429 iamque
601 3360 719 3412 cubitum
736 3363 820 3412 iturus
839 3371 924 3426 esset,
950 3365 1029 3414 Medii
1049 3368 1136 3417 laris·

151 3433 203 3478 saei
229 3432 333 3481 ‹alsnixis
356 3431 482 3498 precihus
504 3428 596 3493 dedit,
623 3440 651 3479 nt
675 3431 707 3480 ad
726 3447 783 3482 eum
807 3432 1001 3480 commissatum
1027 3436 1135 3486 veniret.

149 3498 201 3548 Ubi
222 3506 363 3566 postquam
376 3507 434 3550 tota
449 3508 529 3554 nocte
545 3505 720 3567 perpotasset,
737 3501 804 3549 rutile
818 3497 916 3548 habere
932 3502 1028 3566 coepit.
1046 3503 1135 3566 ingra-

876 3589 937 3643 12*
