2688 3872
441 397 484 446 DE
504 393 626 446 uestis
647 395 747 446 Atax.
765 397 812 461 IX,
833 403 873 455 29·
1099 403 1150 454 itt

150 547 259 624 passus
281 553 338 607 est.
376 544 491 623 Ingens
503 541 564 601 bic
584 541 727 620 militum,
746 541 831 602 inter
852 563 932 625 quos
947 555 1037 604 era'nt
1050 543 1202 607 Grae-1⁹-

75 686 77 692 ,
149 622 195 698 ci,
224 622 280 704 qui
316 623 479 702 Dioxippo
517 621 705 697 studebant,
739 633 932 683 convenerat
967 621 1146 687 multitudo.

148 701 283 761 Macedo
309 701 388 761 iusta
412 721 496 760 arma
519 713 684 777 sumserat,
703 721 834 762 aereum
851 701 1000 782 clipeum,
1015 702 1164 772 hastam,⁴
1240 731 1241 734 ¹

149 802 243 863 quam
265 781 408 840 sarissam
431 791 556 854 vocant,
578 781 668 842 laeva
688 793 818 848 tenens,
840 779 973 840 dextera
994 783 1147 850 lanceam,

146 859 253 942 gladio
277 880 319 920 ue
342 860 475 932 cinctus,
496 860 587 919 velut
609 878 681 920 cum
706 859 852 941 pluribus
873 859 966 919 simul
983 859 1146 921 dimicatu-

145 961 209 1000 rus.
283 939 432 1018 ioxippus
455 937 528 998 oleo
549 939 650 998 nitens
679 951 712 998 et
742 950 915 1000 coronatus
944 940 1034 999 laeva
1055 941 1182 1020 puni-ao

146 1038 238 1079 ceum
261 1019 442 1092 amiculum,
463 1015 575 1078 dextra
597 1017 739 1078 validum
760 1019 982 1101 nodosumque
1004 1020 1146 1100 stipitem

144 1093 364 1178 praeferebat.
384 1099 431 1155 Ea
452 1095 519 1176 ipsa
542 1117 595 1156 res
611 1097 751 1157 omnium
767 1097 887 1156 animos
905 1097 1145 1178 exspectatione

77 1199 85 1216 ¹
145 1175 370 1256 suspenderat:
399 1175 452 1258 qui
478 1195 518 1255 pe
533 1188 654 1236 armato
669 1176 823 1258 congredi
838 1175 956 1244 nudum
972 1177 1142 1247 dementia,

144 1272 208 1316 non
227 1255 400 1331 temeritas,
421 1197 600 1320 videbatur.
644 1256 744 1338 Igitur
760 1255 904 1330 Macedo,
924 1254 1009 1316 haud
1030 1254 1180 1319 dubiusar

145 1335 266 1395 eminus
286 1335 426 1396 interfici
449 1354 562 1414 posse,
582 1335 724 1396 lanceam
747 1336 868 1403 emisit,
894 1355 987 1429 quain
1010 1335 1144 1415 Dioxip-

143 1435 204 1495 pus
231 1433 303 1474 cum
329 1415 443 1494 exigua
469 1415 615 1494 corporis
644 1415 857 1477 declinatione
886 1427 1032 1490 vitasset,
1058 1426 1143 1474 ante·

148 1515 242 1575 quarn
278 1493 333 1554 ille
367 1493 485 1553 hastam
516 1493 710 1554 transferret
738 1495 770 1554 in
799 1495 959 1570 dextram,
1002 1494 1142 1568 assiluit,

143 1585 177 1633 et
197 1573 236 1632 sti
260 1573 304 1633 ite
330 1573 465 1633 mediam
498 1593 567 1643 eam
596 1572 702 1655 fregit.
744 1575 867 1636 Amisso
895 1585 1035 1656 utroque
1064 1574 1179 1642 telone
1251 1597 1254 1604 ·

142 1594 278 1714 Macedo
310 1651 450 1734 gladium
479 1665 633 1732 coeperat
662 1653 839 1734 stringeret
873 1673 968 1747 quem
1006 1673 1142 1734 occupa-

142 1743 208 1806 tum
231 1733 413 1813 complexu,
434 1729 571 1811 pedibus
594 1744 728 1813 repente
749 1732 931 1806 subductis,
961 1733 1141 1813 Dioxippus

142 1811 289 1872 arietavit
317 1812 350 1870 in
377 1824 515 1884 terram,
540 1823 721 1904 ereptoque
751 1810 856 1892 gladio
892 1810 1009 1890 pedem
1043 1831 1142 1890 super

142 1891 302 1950 cervicem
323 1889 438 1950 iacenti
458 1889 620 1970 imposult,
642 1891 780 1971 stipitem
802 1889 969 1966 intentans,
991 1889 1141 1950 elisurus·
1212 1901 1215 1908 ’

141 1989 204 2051 que
234 1990 274 2030 eo
301 1971 439 2044 rictum,
473 1969 505 2028 ni
530 1967 711 2050 prohibitus
742 1979 827 2028 esset
853 1991 870 2028 a
898 1989 986 2050 rege.
1027 1968 1176 2028 Tristis2a

141 2050 318 2128 spectaculi
339 2060 474 2110 eventus
502 2069 565 2109 non
590 2047 816 2109 Macedonibus
839 2049 946 2123 modo,
967 2047 1024 2108 sed
1046 2048 1140 2107 etiam

141 2129 325 2189 Alexandro
350 2129 429 2200 suit,
453 2129 590 2189 inanime
611 2129 685 2211 quia
706 2127 834 2192 barbari
856 2127 1027 2188 affuerant:
1050 2129 1140 2210 quip-

95 2244 105 2256 ι
138 2228 180 2288 pe
204 2208 396 2268 celebratam
422 2207 633 2268 Macedonum
655 2207 877 2268 fortitudinem
899 2208 939 2268 ad
965 2206 1136 2270 ludibrium

138 2288 292 2350 recidisse
313 2288 498 2350 verebatur.
527 2287 609 2349 Hinc
631 2288 670 2348 ad
685 2287 937 2350 criminationem
957 2288 1174 2351 invidorumat

139 2368 310 2448 adapertae
332 2381 405 2428 sunt
427 2389 519 2428 aures
540 2368 636 2450 regis.
665 2370 803 2449 Et'post
826 2387 945 2448 paucos
967 2367 1138 2429 diesinter

139 2449 247 2526 epulas
271 2469 403 2509 aureum
429 2449 579 2528 poculum
598 2469 637 2508 ex
659 2447 836 2530 composito
859 2447 1057 2522 subducitur,
1081 2445 1137 2504 mi·

138 2527 311 2608 nistrique,
340 2530 429 2610 quasi
458 2528 651 2602 amisissent,
679 2527 767 2609 quod
796 2535 1000 2602 amoverant,
1027 2545 1137 2605 regern

139 2605 265 2663 adeunt.
297 2608 401 2686 Saepe
423 2608 525 2666 minus
549 2620 597 2666 est
619 2607 813 2666 constantiae
834 2607 865 2664 in
886 2604 1018 2680 rubore,
1064 2615 1173 2662 uanus
1263 2611 1275 2617 “

138 2682 294 2763 inculpa.
339 2686 529 2754 Coniectum
554 2684 740 2751 oculorum,
770 2683 886 2774 quibus
908 2695 944 2742 ut
964 2683 1018 2742 sur
1040 2625 1136 2741 desti·

138 2762 283 2837 nubatur,
306 2763 484 2854 Dioxippus
506 2761 597 2821 ferre
619 2783 681 2822 non
704 2773 825 2844 potuit:
848 2773 967 2822 etcum
984 2761 1133 2821 excessis·

138 2853 187 2900 aet
209 2841 368 2917 convivio,
389 2842 503 2900 luteris
526 2842 737 2922 conscriptis,
767 2861 849 2921 qnae
870 2841 940 2922 regi
962 2841 1135 2901 redderen-

145 3017 333 3028 ..μ-..-

187 3143 230 3203 19)
251 3154 291 3190 vv.
311 3144 475 3187 contrarierat
491 3131 640 3182 multitudo
661 3133 756 3184 desunt
781 3137 806 3184 in
833 3135 916 3201 qbdd.
935 3130 1039 3193 sedda*
1055 3133 1129 3186 voss.

135 3213 159 3261 2.
179 3215 204 3256 et
224 3205 340 3256 Theocr.
360 3204 458 3267 iugem
477 3201 521 3250 tic
539 3201 651 3250 militum
671 3203 844 3252 turbuinler
858 3222 929 3272 qraos
950 3213 1026 3250 crunt
1044 3200 1129 3266 Grue-

134 3278 168 3333 cr',
187 3275 239 3342 (μα’
255 3273 290 3322 D.
302 3269 449 3340 struebant.
1097 3262 1109 3285 ⁰
1155 3279 1157 3285 ⁴

184 3343 228 3408 ao)
247 3343 302 3391 Pul.
326 3358 346 3392 1.
368 3355 437 3388 cum
456 3350 570 3388 armato.

189 3410 232 3470 aa)
255 3409 328 3459 Frab.
348 3406 467 3459 incentis.

186 3477 229 3544 23)
250 3481 326 3543 vulgo
347 3476 433 3526 omitt.
452 3474 609 3527 verebatur.
