2688 3872
443 381 486 430 ou
507 380 630 432 oasrrs
650 383 751 432 Atax.
774 383 821 448 rx,
842 401 878 434 n.
1115 391 1163 442 rat

164 529 241 588 mito
265 527 329 585 fine
353 539 533 596 terrarum,
565 538 768 586 revertemur
796 527 827 586 in
855 530 998 609 patriam.
1043 528 1161 605 Nolite,

119 641 126 652 ·
162 607 249 702 quod
272 606 356 685 pigri
377 601 536 687 agricolae
560 606 689 680 l'aciuut,
703 615 845 665 maturos
860 609 984 667 linctus
998 629 1057 688 per
1078 612 1160 669 iner-

160 699 236 747 tram
259 687 405 744 amittere
431 705 448 743 e
470 684 621 747 manibus.
651 685 772 744 Maiora
800 696 873 745 sunt
894 688 1045 766 periculis
1067 707 1200 768 prae-27

162 767 241 830 mia:
265 763 354 822 dives
377 759 489 822 eadem
519 775 552 822 et
577 763 713 822 imbellis
737 772 784 822 est
809 765 913 845 regio.
957 769 1069 847 ltaque
1097 787 1160 836 non

161 858 225 906 tam
249 843 287 904 ad
309 843 445 920 gloriam
467 862 523 901 vos
546 842 648 915 duce,
679 845 772 923 quam
798 843 835 900 ad
862 843 1021 922 praedam.
1066 846 1165 925 Digni·

163 926 248 996 estis,
274 921 328 1002 qui
349 941 437 1000 opes,
464 941 541 1002 quas
563 920 642 978 illud
667 941 753 980 mare
783 922 931 980 litoribus
954 922 1083 998 invehit,
1108 945 1158 985 re-

160 1003 274 1066 seratis
295 1000 480 1080 lupatriam
488 1019 496 1074 3
520 999 628 1079 digni,
657 1000 711 1080 qui
736 999 813 1058 nihil
841 1002 1058 1080 inexpertum,
1081 1003 1197 1068 nihil2'a

157 1087 251 1144 'metu
281 1079 659 1158 omissumrelinquatis.
701 1081 773 1138 Per.
791 1099 848 1140 vos
880 1081 1078 1160 gloriamque
1106 1103 1159 1142 ve·

162 1174 271 1228 stram,
282 1177 343 1239 qua
356 1153 524 1216 humanum
544 1157 703 1236 l'astigium
718 1159 879 1231 exceditis,
896 1179 1021 1240 perque
1038 1171 1070 1218 et
1089 1181 1158 1220 mea

161 1242 194 1302 in
218 1259 276 1300 vos
300 1241 332 1296 et
354 1237 455 1296 inme
479 1249 582 1296 vestra
603 1237 734 1311 merita,
758 1238 874 1318 quibus
896 1238 1004 1297 invicti
1029 1245 1182 1299 contem

163 1319 276 1390 dimus,
298 1336 356 1375 oro
381 1335 565 1398 quaesoque
588 1336 627 1375 ne
648 1315 853 1376 humanarum
875 1337 984 1381 rerum
1005 1319 1158 1378 terminos

162 1398 332 1458 adeuntem
354 1391 516 1454 alumnum
536 1395 849 1478 commilitonemque
872 1407 1030 1470 vestrum,
1051 1417 1091 1456 ue
1113 1397 1158 1457 di-

162 1499 231 1540 cam
259 1495 388 1548 rerem,
422 1471 585 1534 deseratis,
630 1475 746 1534 Cetera
777 1475 868 1537 vobis
897 1476 1069 1555 imperavi3
1097 1476 1198 1538 hocas

161 1577 259 1617 unum
291 1521 457 1614 debiturus
483 1574 561 1611 sum.
603 1555 645 1610 Et
672 1553 697 1611 is
726 1574 782 1613 ros
804 1573 904 1634 roge,
930 1554 984 1636 qui
1005 1555 1080 1615 nibil
1101 1577 1158 1616 un·
1234 1581 1256 1608 ι’

114 1689 120 1694 .
162 1656 256 1718 quam
278 1632 368 1693 vobis
389 1632 561 1711 praecepi,
588 1632 667 1713 quin
698 1633 818 1710 primus
850 1652 901 1693 me
930 1634 1080 1712 periculis
1103 1637 1158 1696 ob-

160 1711 300 1788 tulerim,
322 1711 377 1792 qui
399 1730 495 1788 saepe
519 1711 617 1770 aciem
640 1710 744 1790 clipeo
766 1732 838 1771 meo
859 1712 935 1785 texi,
955 1733 994 1770 ne
1014 1714 1156 1793 inlregc-

161 1791 230 1854 ritis
260 1787 291 1850 in
319 1789 462 1848 manibus
482 1789 560 1848 meis
582 1788 735 1868 palmam,
765 1811 827 1870 qua
856 1791 1032 1849 Herculem
1062 1793 1156 1852 Libe·

162 1889 299 1950 rumque
326 1871 473 1942 Patrem,
502 1868 528 1924 si
554 1867 671 1926 invidia
693 1867 850 1932 abluerit,
880 1868 1033 1948 aequabo.
1073 1872 1193 1930 Datea⁰

163 1953 226 2014 hoc
256 1945 404 2042 precibus
434 1945 530 2016 meis,
560 1957 593 2004 et
620 1945 747 2022 tandem
779 1942 969 2005 obstinatum
999 1947 1156 2007 silentium

162 2035 312 2108 rumpite.
334 2025 397 2084 Ubi
418 2036 467 2084 est
487 2023 541 2083 ille
560 2024 690 2097 clamor,
712 2025 879 2084 alacritatis
895 2037 1019 2084 vestrae
1040 2026 1179 2086 indcu?'

135 2133 138 2136 ·
163 2109 219 2169 ubi
243 2104 298 2184 ille
329 2125 474 2165 meorum
506 2102 715 2163 Macedonum
744 2102 873 2164 vultus?
918 2105 989 2162 Non
1019 2125 1156 2186 agnosco

163 2209 233 2261 ros,
257 2185 382 2255 milites,
402 2201 462 2242 nec
483 2183 610 2264 agnosci
631 2183 746 2243 videor
767 2205 784 2241 a
806 2183 906 2244 vobis.
941 2182 1060 2243 Surdas
1082 2185 1157 2244 ia'm·

162 2267 282 2332 dudum
307 2283 399 2323 aures
421 2263 532 2343 pulso:
569 2281 700 2324 aversos
730 2262 848 2324 animos
877 2272 910 2323 et
929 2262 1082 2324 inliactos
1105 2285 1157 2324 ex-

160 2347 260 2406 citare
278 2363 386 2403 conor.
726 2373 727 2376 ¹

242 2426 386 2503 Cumque
408 2421 453 2479 illi
482 2422 514 2480 in
540 2430 661 2478 terram
689 2420 831 2480 demissis
862 2421 1016 2500 capitibus
1047 2427 1196 2483 tacerell

30 2556 41 2567 .
186 2511 420 2567 arsererarent,
441 2499 558 2559 Nescio
582 2499 669 2578 quid,
691 2499 807 2580 inquit,
842 2499 873 2558 in
893 2521 952 2558 vos
973 2501 1155 2578 imprudens

98 2628 107 2635 ,
161 2527 293 2662 deliqui,
316 2579 402 2658 quod
425 2595 475 2636 me
500 2597 539 2636 ne
560 2576 677 2634 intueri
700 2579 831 2656 quidem
854 2577 956 2636 vultis.
991 2579 1025 2634 In
1048 2577 1156 2636 solitu-

161 2661 233 2720 dine
255 2655 331 2716 mihi
354 2653 466 2715 videor
488 2674 567 2714 esse.
589 2656 690 2713 Nemo
713 2653 906 2734 respondet,
928 2674 1020 2731 nemo
1044 2655 1154 2714 saltem

160 2749 266 2820 negat.
288 2735 378 2819 Quos
401 2729 571 2823 alloquor?
595 2731 671 2810 quid
693 2744 797 2790 autem
819 2730 971 2810 postulo?
1006 2733 1152 2794 Vestram

161 2817 295 2901 gloriam
323 2823 356 2872 et
377 2807 622 2891 magnitudinem
655 2808 857 2868 vindicamus.
901 2809 962 2868 Ubi
996 2821 1068 2870 sunt
1097 2813 1193 2882 iniat

161 2913 299 2980 quorum
322 2891 483 2951 certamen
501 2887 596 2968 paulo
619 2897 690 2946 ante
714 2889 776 2950 vidi
797 2889 1070 2968 contendentium,
1100 2891 1164 2974 qui

164 3098 359 3122 „ann—unib-

214 3230 259 3296 ast)
279 3231 356 3284 Voss.
378 3245 402 3278 α.
421 3229 537 3280 Theocr.
556 3226 653 3281 obstet.
678 3258 708 3266 -
729 3225 796 3277 Mer.
814 3227 937 3276 eminere.

207 3297 251 3366 29)
274 3307 341 3364 optt.
361 3295 449 3348 Codd.
470 3299 522 3365 qui
537 3292 754 3364 prtinus-obtuli.
785 3318 819 3335 u·
856 3299 932 3361 vulgo
950 3297 1156 3364 infringamus,-

158 3366 236 3417 Voss.
258 3371 282 3419 Q.
302 3363 585 3431 simplerfregeritis.

208 3431 253 3498 31)
273 3433 347 3482 Frsh.
367 3441 467 3498 transp.
485 3430 643 3500 imprudens
660 3434 687 3482 in
705 3447 764 3480 vos.
