2686 3876
233 351 270 404 80
593 345 628 412 Q.
649 345 767 401 CURTH
782 346 862 401 uun

225 493 388 562 Neminem
408 505 520 556 metus·
536 513 651 576 spesve
671 505 865 560 mutaverat:
895 507 979 560 tanta
1004 495 1149 559 omnibus
1170 497 1227 560 vel

194 575 258 648 asin
279 594 390 656 regem
410 573 468 647 ira,
487 574 541 636 vel
561 572 639 636 fides
661 574 745 640 inter
764 575 850 657 ipsos
871 575 944 643 fuit.
974 576 1106 638 Stabant
1125 577 1228 659 igitur

200 686 203 695 ,
229 655 269 716 ad
291 653 380 716 iores
401 654 487 725 aedis
509 655 587 731 eius,
605 655 639 716 in
683 675 722 714 ua
737 676 794 716 rex
806 656 1008 733 vescebatur,
1024 669 1060 717 ut
1076 657 1226 719 convivio

127 775 129 778 ·
189 755 389 818 inegressum
410 735 441 794 in
455 734 639 798 'cubiculum
659 677 866 802 deducerent.
893 736 958 800 Sed
972 737 1103 813 fortuna
1124 737 1226 818 ipsius

223 815 382 898 simulque
403 815 597 896 epulantium
626 816 758 878 comitas
784 818 933 898 provexit
961 837 1071 879 omnes
1099 817 1139 876 ad
1160 819 1227 878 lar-

226 897 296 979 gius
321 895 446 970 vinum,
476 895 544 956 ludi
568 895 661 957 etiam
689 895 870 958 convivales
892 907 1060 958 extraxere
1081 909 1223 979 tempus,

223 995 306 1037 nunc
326 975 513 1038 laetantibus
535 975 724 1052 coniuratis,
740 975 839 1058 'quod
869 977 1010 1059 sopitum
1038 978 1224 1058 aggressuri

224 1067 340 1125 esseut,
361 1077 443 1116 nune
465 1056 618 1132 sollicitis,
638 1077 678 1118 ne
698 1057 730 1117 in
749 1055 855 1118 lucem
872 1058 1053 1120 convivium
1075 1057 1225 1119 extrahe-¹

192 1145 283 1210 erret.
332 1135 461 1230 Quippe
485 1136 560 1196 alios
588 1136 620 1195 in
641 1137 808 1197 stationem
830 1137 1001 1219 oportebat
1045 1137 1124 1198 rima
1149 1138 1224 1200 luce

223 1217 410 1292 succedere,
424 1236 570 1296 ipsorum
591 1228 666 1297 post
686 1215 855 1354 septimum
870 1218 955 1278 diem
972 1157 1043 1278 redi

1044 1229 1115 1278 tura
1132 1219 1223 1280 vice-t

223 1317 283 1358 nec
304 1315 434 1378 sperare
455 1307 626 1376 poterant,
653 1295 685 1356 in
705 1295 784 1356 ilud
805 1307 931 1378 tempus
955 1296 1102 1358 omnibus
1128 1297 1222 1358 dura·

44 1373 46 1382 ’
130 1439 137 1450 ,
189 1387 328 1446 saturam
347 1372 451 1436 iidem.
473 1377 623 1437 Ceterum
644 1395 716 1436 cum
734 1376 795 1436 iam
815 1376 870 1436 lux
890 1388 1068 1458 appeteret,
1093 1389 1126 1439 et
1147 1397 1224 1439 con·

221 1456 342 1518 rivium
365 1455 518 1532 solvitur,
540 1466 573 1516 et
592 1457 749 1522 coniurati
770 1469 968 1538 exceperunt
991 1477 1124 1538 regem,
1146 1458 1223 1518 laeti

222 1535 423 1599 occasionem
444 1537 640 1676 exaeguendi
660 1537 792 1598 sceleris
815 1535 990 1614 admotam3
1011 1557 1084 1598 cum
1104 1537 1221 1598 mulier

222 1615 383 1691 attonitae,
406 1628 443 1677 ut
465 1636 518 1678 cre
543 1617 622 1677 itum
641 1629 702 1684 est,
724 1619 849 1688 mentis,
871 1619 1056 1678 conversari
1079 1618 1111 1678 in
1132 1619 1221 1700 regia

222 1695 337 1774 solita,
384 1696 459 1779 quia
492 1696 642 1758 instinctu
679 1697 847 1760 videbatur
876 1696 985 1758 futura
1020 1697 1221 1778 praedicere,

221 1796 285 1839 non
306 1777 450 1838 occurrit
469 1777 565 1840 modo
591 1777 735 1857 abeunti,
766 1779 821 1840 sed
842 1779 936 1840 etiam
962 1789 1063 1839 semet
1091 1777 1220 1853 obiecit,

225 1858 379 1941 vultuque
403 1869 436 1919 et
457 1858 557 1922 oculis
570 1873 691 1922 motum
705 1858 891 1956 praeferens
914 1858 1018 1928 animi,
1040 1869 1076 1918 ut
1097 1858 1221 1920 rediret

190 1937 253 1998 ¹7in
275 1938 455 2000 convivium
475 1939 611 2000 monuit:
649 1952 682 2000 et
710 1942 764 2002 ille
787 1960 846 2021 per
864 1939 992 2015 ludum,
1020 1937 1102 1999 bene
1130 1939 1220 2002 Deos

131 2043 135 2057 ·
224 2018 372 2089 suadere,
393 2020 569 2100 respondit,
593 2021 817 2104 revocatisque
838 2020 945 2081 amicis
966 2019 998 2079 in
1020 2017 1135 2078 horam
1154 2017 1219 2078 diei

192 2098 327 2160 toferme
356 2099 526 2160 secundam
556 2100 694 2164 convivii
719 2112 846 2180 tempus
876 2099 1031 2164 extraxit„
1068 2099 1132 2158 lam
1165 2097 1219 2159 alii

224 2198 264 2239 ex
293 2177 430 2240 cohorte
457 2179 490 2237 in
519 2180 686 2240 stationem
713 2191 951 2256 successerant,
983 2191 1054 2238 ante
1081 2176 1244 2257 cubiculi=

222 2256 311 2318 sores
336 2256 534 2328 excubitori,
555 2258 657 2322 adhuc
684 2269 789 2318 tamen
816 2259 971 2320 coniurati
998 2257 1122 2320 stabant
1146 2258 1219 2319 vice

223 2333 322 2398 officii
343 2336 392 2396 sui
414 2337 539 2418 expleta
547 2358 556 2414 3
585 2338 665 2398 adeo
686 2339 831 2418 pertinax
851 2358 924 2420 spes
946 2352 1014 2416 est,
1047 2359 1141 2421 quam
1159 2336 1219 2398 hri«

191 2429 331 2478 romanae
365 2429 487 2478 mentes
523 2418 771 2486 devoraverunt.
832 2420 902 2479 Rex
929 2419 1095 2502 benignius
1123 2437 1219 2501 quam

222 2496 296 2558 alias
319 2495 485 2572 allocutus,
506 2498 672 2560 discedere
687 2519 741 2561 eos
756 2498 796 2560 ad
809 2499 947 2560 curanda
968 2519 1116 2580 corpora,
1134 2517 1218 2580 ,quo-

223 2576 306 2637 niam
325 2587 422 2639 nocte
441 2577 665 2661 perstitissent,
687 2578 787 2645 iubet.
808 2579 895 2641 Data
910 2579 1040 2664 singulis
1062 2577 1217 2662 quinqua·

218 2909 294 2962 cori.
312 2910 430 2963 Theocr,
449 2913 490 2954 tot
506 2901 564 2954 dics
582 2904 692 2955 sr'lentio
710 2906 774 2960 acti.
811 2933 845 2946 -ι-
878 2905 909 2956 Ρ.
928 2905 1001 2955 mter
1022 2905 1096 2975 ipsos
1114 2902 1214 2956 habe·

219 2978 254 3030 ba
266 2990 409 3113 tildsrtunc
428 3043 510 3096 laetis
527 3041 601 3092 Frsh.
621 3049 715 3092 contra
734 3049 802 3110 opti.
817 3039 913 3109 Codd.;
929 3039 1001 3092 idem
1012 3040 1213 3094 extraheretur.

276 3114 318 3181 ¹5)
336 3114 412 3166 Frsh.
432 3121 495 3182 post
513 3122 610 3177 septem
627 3108 694 3162 dies,
730 3108 732 3114 '

273 3189 303 3240 tii
334 3186 363 3234 P.
380 3192 481 3249 transp.
502 3178 590 3228 animi
602 3177 771 3246 praeferens.

274 3247 311 3309 18¹
335 3255 369 3303 al.
390 3248 601 3301 emendaturi·
620 3247 650 3296 P.
668 3256 770 3314 transpr
787 3245 835 3298 sttt‘
850 3241 989 3311 officii,-
1007 3243 1081 3294 Frsh.
1101 3255 1213 3312 mentes,

220 3338 302 3392 qnam
321 3319 444 3384 ingentes
464 3313 699 3383 concupiscentiae
717 3313 902 3373 devoverunt,·
930 3313 1007 3364 locus
1018 3315 1052 3372 jn
1070 3315 1131 3364 Mes.
1151 3330 1213 3380 pes·

219 3392 285 3441 sime
308 3387 428 3452 habitus;
457 3385 504 3434 atii
531 3385 617 3434 omitt.
639 3400 735 3452 quana,
771 3392 797 3434 et
819 3397 870 3450 pro
891 3392 989 3430 mentes
1016 3379 1077 3430 hab.
1101 3383 1213 3443 mentr's,·

218 3461 328 3527 Zumpt.
346 3463 453 3510 secutus
472 3461 510 3507 est
528 3450 741 3515 Schmiederum,
757 3460 872 3518 uterque
891 3448 1023 3502 Codicem
1040 3450 1069 3499 B.
1090 3466 1112 3502 t.
1131 3509 1149 3534 Δ,
