2686 3876
364 353 410 408 or
428 348 671 420 cessissem.
688 353 767 430 ano.
785 355 876 418 uani
895 354 966 425 vna
1130 363 1164 430 ps

153 513 270 574 ‚satraps
286 505 314 560 in
332 497 426 556 locum
442 501 674 568 Cliticonstituto
692 502 820 570 Amata,
837 506 901 574 'lpse
928 501 1053 575 Xenippa
1079 503 1162 573 proli·

157 575 284 626 ciscitur.
316 572 449 625 Bactriani
473 573 562 622 exules
580 587 668 640 pugna
692 588 755 626 cum
779 573 890 641 Amynta
919 573 989 625 sacta
1013 575 1161 642 pelluntur,

154 643 269 693 veniam
293 649 383 692 tamen
410 638 568 690 deiectionis
593 640 746 707 impetrant.
784 641 935 692 Alexander
959 644 985 692 in
1013 643 1161 708 regionem,

158 727 233 776 quae
262 710 381 762 Nautaca
405 708 574 775 appellatur,
593 708 736 774 pervenit,
764 709 838 758 cuius
866 711 966 760 aditum
993 710 1160 778 Sysimitliret

156 778 315 846 praefectus
334 777 489 829 muniverat.
526 777 648 842 l'errupit
675 783 763 828 tamen
788 791 854 840 rer,
879 777 925 827 sed
945 796 1004 829 crim
1021 781 1159 844 voragines

158 845 330 912 superandae
351 846 430 896 etiam
448 851 545 905 essent,
565 841 605 909 (9)
626 845 745 895 Oxarten
763 845 844 906 misit,
867 847 917 912 qui,
930 847 1076 900 Sisimithri
1096 863 1158 913 per·

159 913 470 980 suaderet,utpetram
493 909 624 962 traderet.
659 911 710 982 Diu
732 921 872 964 cunctatus
898 901 1064 980 Sysimithres
1087 916 1159 981 regis
1234 941 1236 948 ¹

159 983 289 1049 potestati
307 997 364 1032 sese
384 979 514 1046 permisit,
532 987 559 1028 et
579 980 718 1046 imperium
737 982 857 1048 recepit?
880 981 937 1047 (ιο)
963 983 1028 1038 lnde
1052 993 1158 1036 ceteros

159 1051 278 1100 rebelles
296 1066 356 1102 oum
374 1048 509 1116 equitibus
528 1055 600 1098 tanta
619 1048 756 1100 celeritate
778 1057 934 1115 persecutus
951 1058 1009 1112 est,
1027 1061 1056 1101 ut
1075 1053 1157 1118 pleri·

162 1135 215 1184 que
239 1118 316 1186 pueri
341 1116 446 1178 nobiles
467 1114 626 1166 deficerent:
653 1133 720 1167 unus
745 1115 884 1186 Philippus
912 1117 1026 1185 pedibus
1051 1135 1156 1170 cursum

161 1187 231 1251 regis
251 1186 370 1252 aequavit
388 1185 564 1252 pugnavitque
583 1183 706 1248 fortiter,
742 1185 789 1236 aed
809 1186 872 1236 lusis
897 1184 1017 1250 hostibus
1047 1195 1158 1254 propter

164 1255 275 1304 nimiam
306 1253 505 1305 contentionem
536 1253 631 1306 virium
661 1253 733 1304 illico
767 1256 903 1322 collapsus
930 1256 1076 1306 exstinctus
1108 1261 1156 1305 est.

162 1321 231 1372 Item
247 1321 373 1392 Erigyius,
392 1329 466 1370 vetus
483 1319 546 1383 dux,
565 1319 662 1372 morbo
685 1321 809 1373 decessit.
847 1321 904 1390 (11)
934 1323 1091 1390 Priusquam
1110 1335 1157 1374 rex

162 1387 260 1452 Dahas,
278 1387 349 1456 apud
365 1387 438 1459 quod
456 1389 554 1438 versari
574 1388 754 1455 Spitameuem
776 1400 957 1458 compererat,
979 1399 1092 1459 peteret,
1109 1391 1156 1440 ills

163 1457 196 1506 ah
208 1472 289 1506 uxore
302 1473 346 1506 sua
361 1465 518 1524 perpetuam
530 1457 618 1522 lugam
632 1474 710 1523 aegre
719 1459 823 1518 serente
836 1457 1001 1520 interficitur.
1024 1457 1081 1528 (12)
1102 1458 1155 1508 Cu·

161 1527 202 1576 lus
220 1533 299 1592 eaput
318 1523 431 1576 afferens
448 1527 545 1576 mulier
565 1541 611 1591 spe
639 1528 822 1593 praemiorum
847 1528 881 1578 ab
908 1528 1060 1579 Alexandro
1084 1528 1155 1594 arci·

78 1645 80 1650 ,
159 1591 321 1662 piendorum
341 1591 447 1645 excidit.
470 1591 527 1660 (13)
546 1592 637 1654 Dahae
657 1593 851 1660 Artaphernem
869 1595 988 1658 tradunt,
1006 1613 1087 1662 seque
1105 1595 1156 1662 ipsi

158 1663 228 1727 regis
246 1663 371 1728 potestati
390 1662 557 1714 submittunt.
591 1661 762 1728 satraparum
781 1663 808 1712 in
828 1665 881 1712 tuis
898 1666 1028 1730 cuiusque
1045 1667 1155 1732 provin·

159 1731 206 1781 ciis
224 1731 336 1781 iniuriae
353 1729 532 1779 vindicantur.
564 1725 1155 1799 (lis15.)Exeuntehieme(postiru'tiam
1236 1737 1240 1746 '

159 1802 185 1847 α’.
207 1815 233 1846 a.
253 1797 317 1846 Chr.
336 1808 395 1846 aaut.
413 1796 486 1862 328.)
512 1795 663 1846 Alexander
682 1797 831 1860 regionem,
851 1815 918 1864 qnae
936 1799 1042 1850 Gabaon
1061 1801 1154 1868 appel·

159 1869 241 1925 latur,
259 1865 380 1918 aditurus
400 1881 415 1913 a
432 1873 485 1913 tam
505 1863 590 1912 atroci
614 1871 773 1930 tempestate
800 1865 961 1932 opprimitur
988 1884 1019 1917 ac
1044 1868 1154 1931 frigore,

141 1941 188 1991 ,ut
207 1933 280 1983 mille
299 1931 420 1985 homines
438 1931 596 1993 interierint,
616 1933 746 2005 exqreitus
771 1939 860 1986 tamen
883 1949 898 1982 a
925 1934 1092 2000 Sysimithre‘
1104 1951 1154 2000 op-

180 2009 275 2050 ortune
295 2000 443 2070 adiuvapur.
480 1999 608 2064 Sagorum
634 2000 757 2063 (agitatae
775 2000 906 2068 aristionis)
929 2003 1003 2066 regio
1029 2010 1155 2052 vastatur.

157 2018 216 2138 ἴιῡ)
239 2067 304 2116 lnde
324 2067 357 2118 ad
375 2085 434 2118 *eam
453 2068 588 2133 regionem
608 2068 692 2130 venit,
717 2069 759 2118 cui
789 2070 915 2136 Oxyartes
937 2079 1076 2137 praeerat,
1108 2071 1154 2138 qui

158 2155 220 2190 cum
239 2139 308 2202 regis
324 2136 387 2187 lidei
409 2153 466 2186 sese
484 2135 656 2202 permisisset,
670 2137 816 2186 convivium
833 2147 953 2204 apparat,
970 2139 995 2192 iu
1015 2156 1069 2205 quo
1087 2139 1153 2190 ¹Ale·
1185 2151 1187 2154 ·

156 2202 258 2258 rander
278 2207 408 2266 Roxanes,
430 2205 499 2254 illius
519 2203 599 2268 filiae,
618 2220 710 2256 amore
727 2205 764 2255 ita
782 2207 896 2276 capitur,
913 2216 942 2258 ut
960 2208 1035 2270 iustis
1053 2208 1153 2277 nuptiis

158 2291 217 2326 eram
236 2274 287 2324 sibi
306 2273 433 2339 adiungat
452 2285 573 2324 uxorem·

224 2339 281 2408 (17)
306 2345 375 2392 Tota
393 2343 529 2410 provincia
547 2350 652 2407 pacata,
671 2342 788 2403 (Bactra
807 2341 942 2406 reomaus)
969 2360 1031 2395 cum
1049 2343 1151 2410 cogita·

156 2411 245 2462 tiones
267 2408 299 2460 ad
317 2409 561 2466 bellum-indicum
584 2413 720 2470 vertisset,
753 2411 863 2477 triginta
888 2411 961 2466 milia
994 2412 1108 2462 militum
1136 2428 1155 2464 s

155 2479 246 2530 Persis
261 2479 395 2529 conscribi
415 2479 499 2540 iussit,
518 2479 676 2545 ipseetiam
695 2480 832 2533 Persarum
851 2495 926 2533 ruore
946 2495 1000 2532 nnn
1019 2496 1033 2530 a
1051 2480 1150 2530 barba·

156 2549 192 2596 ris
218 2548 319 2609 solum,
342 2545 390 2596 sed
416 2562 431 2595 a
455 2545 648 2597 Macedonibus
673 2547 779 2598 adorari
804 2547 897 2598 voluit.
933 2545 994 2613 (18)
1010 2547 1103 2614 ltaque
1124 2549 1151 2598 in

157 2613 328 2664 sollemnibus
357 2615 459 2682 epulis,
488 2632 548 2665 curn
574 2630 620 2665 rex
648 2613 825 2678 discessisset,
854 2631 886 2664 ex
908 2615 1059 2680 composito
1080 2612 1148 2667 Cleo
1223 2661 1225 2664 .

157 2680 261 2747 Sic-talus
279 2683 398 2734 convivas
417 2681 517 2739 hortari
536 2683 645 2750 coepit,
674 2691 703 2738 ut
726 2681 905 2734 Alexandrum
924 2680 1017 2730 divinis
1038 2679 1148 2740 honori·

125 2745 130 2749 ”
156 2747 208 2796 bus
229 2749 357 2797 colerent.
377 2747 434 2815 (lli)
453 2749 607 2817 Respondet
624 2751 663 2800 illi
682 2751 850 2818 precatoris
870 2747 1045 2799 Callisthenes
1065 2750 1148 2815 Olyn-

155 2814 228 2872 thius
246 2817 316 2874 grnvi
336 2831 366 2865 ac
390 2819 456 2866 salsa
483 2819 620 2881 oratione,
652 2815 708 2884 (ao)
735 2835 787 2884 qua
817 2832 948 2866 consensu
971 2816 1149 2882 plurimorum

156 2881 476 2952 approbatorumque
499 2886 589 2935 serens
604 2886 636 2935 ah
656 2887 766 2952 lnoepto
789 2884 911 2946 desistit,
931 2891 1050 2938 ceterum
1068 2885 1147 2952 rolp-

177 2958 313 3009 ercontem
332 2947 512 3013 (Leonnatum
536 2949 624 3007 tradit
649 2953 789 3003 Arrianus
806 2953 831 3006 4.
850 2949 893 3017 12)
938 2951 992 3000 uod
1016 2951 1147 3004 barbaros

156 2969 229 3070 humi
256 3018 464 3086 procumbentes
487 3021 582 3081 irrisit,
618 3021 733 3086 graviter
763 3020 883 3085 castigat.
917 2968 973 3084 dar)
998 3020 1147 3072 Puerorum

155 3089 293 3154 regiorum
313 3085 348 3154 (P
355 3104 372 3136 a
379 3095 440 3154 ges
459 3087 569 3150 Gallica
581 3089 674 3138 nostri
682 3087 822 3138 Gallorum
834 3087 984 3151 imitatores
995 3089 1146 3158 appellunt)

155 3157 307 3207 coniuratio
326 3154 365 3219 fit,
384 3155 458 3206 ouius
475 3157 578 3206 initium
600 3173 692 3218 exeo,
710 3156 845 3222 quodrcx
864 3155 1032 3208 liermolaum
1051 3159 1146 3209 verbs·

155 3226 229 3276 ribus
252 3222 321 3276 allici
339 3225 459 3275 iusserat.
494 3223 563 3278 Huic
587 3225 711 3274 iniuriam
735 3226 910 3292 conquerenti
935 3226 1079 3292 persuadet
1096 3225 1145 3274 So·

155 3301 251 3346 stratus
273 3301 302 3342 ut
320 3291 353 3344 de
372 3309 434 3359 rege
454 3291 603 3344 occidendo
621 3293 769 3348 coniurent.
800 3293 948 3360 Assumptis
965 3291 1067 3360 septem
1088 3293 1144 3341 aliis

156 3359 418 3430 (quatuorArrr'ano
431 3359 556 3428 (tractore)
578 3376 637 3412 rent
656 3359 755 3412 callide
772 3362 920 3421 instituunt,
942 3359 998 3428 (aa)
1017 3361 1062 3410 sed
1083 3375 1144 3410 curn

156 3431 183 3478 in
209 3446 242 3482 eo
268 3439 369 3495 essent,
394 3438 424 3481 ut
446 3431 548 3482 lacinus
572 3437 773 3500 perpetrarent,
800 3429 982 3480 admonitione
1008 3427 1144 3480 cuiusdam
