2688 3872
187 385 235 438 tto
468 399 470 406 ·
540 379 574 446 Q.
594 379 710 429 curru
730 332 809 430 nuri
893 401 901 414 ι

183 551 234 598 sus
257 547 365 591 omncs
386 525 477 587 unius
493 525 605 608 spiritu
620 525 740 588 vivere.
763 527 830 587 Nec
849 525 937 606 prius
958 526 1173 600 recesserunt,

181 611 274 690 quam
303 619 500 688 compertum
531 619 599 683 est,
618 605 738 669 'somno
767 607 930 700 paulisper
959 609 1174 695 acquiescere.

179 691 261 749 Hinc
292 688 461 749 certiorem
490 707 579 769 spem
612 687 720 748 salutis
749 707 816 748 etus
850 687 881 746 in
917 699 1019 748 castra
1055 689 1173 750 retule-

180 782 263 829 runt.

141 859 179 922 93
259 849 328 907 Rex
339 857 459 927 septem
475 847 586 908 diebus
602 859 712 906 curato
732 847 876 921 vulnere,
897 846 1032 908 necdum
1047 847 1101 910 ob-

181 928 275 989 ducta
289 927 445 1003 cicatrice,
467 947 536 986 cum
551 927 699 1000 audisset,
715 926 915 987 convaluisse
928 928 1012 1008 apud
1028 927 1099 988 bar·
1126 921 1170 998 ῩΙ·

158 1009 274 1070 ‘beros
302 1007 415 1067 famam
449 1007 560 1068 mortis
594 1027 688 1082 suae,
727 1007 851 1068 duobus
884 1008 1015 1074 navi‘riis
1046 1009 1172 1084 iunctis,

180 1089 275 1148 statui
301 1087 331 1147 in
359 1087 497 1146 medium
526 1087 667 1170 undiquc
697 1087 903 1168 conspicuum
932 1054 1173 1148 tabernaculum

180 1169 278 1236 iussit,
301 1188 339 1228 ex
356 1187 419 1248 quo
442 1187 476 1226 se
498 1167 683 1226 ostenderet
728 1169 825 1234 erisse
847 1167 1059 1232 credentibus.
1089 1169 1171 1228 Con·

180 1261 373 1341 spretusque
396 1246 434 1305 ab
456 1247 567 1307 incolis
589 1267 681 1328 spem
702 1187 841 1308 bostium
862 1246 942 1310 falso
964 1249 1074 1308 nuntio
1094 1268 1171 1310 con-

143 1341 303 1412 2ocptam
324 1325 466 1387 inhibuit.
509 1326 656 1388 Secundo
682 1325 796 1387 deinde
825 1347 915 1386 amne
942 1325 1088 1405 defluxit,
1118 1328 1172 1388 aii-

180 1419 330 1492 quantum
343 1405 499 1466 intervalli
514 1428 531 1465 a
549 1418 657 1466 cetera
673 1407 773 1470 classe
792 1407 998 1488 praecipiens,
1018 1427 1059 1468 ne
1080 1409 1171 1496 quies

180 1490 311 1570 corpori
339 1487 477 1548 invalido
499 1485 602 1547 adhuc
621 1489 798 1548 necessaria
815 1488 910 1571 pulsu
918 1485 1093 1548 ‘remorum
1114 1489 1172 1548 im-

179 1570 357 1650 pedii-etur.

139 1667 156 1712 3
259 1649 394 1732 Quarto,
416 1659 586 1730 postquam
607 1649 755 1731 carigare
771 1659 934 1728 coeperat,
957 1647 1009 1708 die
1049 1647 1172 1708 ervenit

87 1759 93 1763 ·
178 1730 210 1790 in
232 1729 395 1812 regionem
418 1728 574 1808 desertam
589 1730 724 1812 quidem
746 1726 784 1787 ab
805 1727 927 1804 incolis,
951 1728 1006 1788 sed
1025 1669 1170 1788 irumen·

178 1823 212 1872 to
238 1822 269 1871 et
290 1808 460 1890 pecoribus
483 1809 701 1876 abundantem.
741 1807 866 1868 Placuit
891 1808 916 1868 is
949 1809 1038 1870 locus
1065 1819 1099 1867 et
1130 1807 1171 1867 ad

141 1903 265 1950 tsitam
292 1900 324 1949 et
354 1890 392 1950 ad
422 1889 555 1950 militum
584 1891 737 1973 requiem.
779 1890 848 1949 Mos
879 1902 948 1949 erat
974 1887 1170 1970 principibus

179 1972 352 2032 anticorum
373 1982 406 2030 et
427 1971 610 2036 custodibus
633 1969 789 2051 corporis,
812 1967 969 2028 excubare
985 1981 1057 2030 ante
1077 1988 1169 2048 prae·
1221 2030 1223 2033 ,

178 2053 305 2122 tor-ium,
326 2051 451 2132 quoties
473 2051 604 2112 adversa
628 2051 699 2133 rogi
720 2049 868 2110 valetudo
889 2049 1056 2117 incidisset.
1097 2050 1169 2108 Hoc
1214 2107 1243 2127 ,χ

177 2143 245 2190 tum
266 2151 394 2213 quoquc
416 2151 506 2190 more
527 2143 664 2204 servato,
685 2129 823 2188 universi
844 2128 1025 2190 cubiculum
1043 2128 1110 2188 eius
1124 2128 1169 2187 in·

140 2223 154 2268 ⁵
177 2221 270 2271 trant.
312 2211 367 2269 lite
389 2209 560 2285 sollicitus,
587 2231 625 2270 nc
648 2210 724 2293 quid
746 2209 820 2274 novi
833 2209 1008 2284 afferrent,
1035 2208 1108 2296 quia
1129 2209 1168 2266 si·
1198 2255 1207 2267 .

176 2290 242 2348 mut
265 2299 423 2359 venerant,
444 2301 666 2368 percontatur,
704 2309 776 2347 num
796 2287 937 2349 hostium·
956 2308 1068 2350 recens
1089 2309 1166 2348 nun·

175 2369 310 2428 tiaretur
331 2367 494 2428 adventus.

136 2461 176 2528 94
259 2449 301 2511 nt
329 2450 508 2530 Craterus„
527 2447 578 2506 cui
607 2448 784 2509 mandatum
806 2461 893 2523 orat,
926 2461 962 2508 ut
993 2449 1167 2511 amicorum

174 2547 290 2610 preces
311 2526 472 2610 perferret
492 2527 532 2586 ad
557 2547 645 2604 eum,
679 2529 848 2598 Credisne,
880 2530 999 2624 inquit,
1029 2531 1167 2590 adventu

174 2609 273 2692 magis
295 2607 451 2686 hostium,
472 2608 588 2672 utiam
610 2609 641 2677 in
662 2611 745 2672 vallo
767 2610 993 2681 consisterent,
1015 2611 1168 2672 sollicitos

184 2795 372 2810 m—

247 2918 272 2984 t)
290 2919 367 2972 Voss.
391 2919 565 2975 Quondam.

140 2985 148 2996 ⁸
183 3005 185 3009 ·
214 3009 216 3014 v
242 2994 270 3050 a)
289 2997 356 3054 optt.
386 2988 474 3038 codd.
497 2986 585 3040 omitt.¹
612 2989 728 3055 corpori
755 2998 782 3041 et
806 2989 904 3044 habent
927 2992 1108 3060 perinvalido.
1129 3019 1160 3030 —

174 3055 233 3105 Pul.
262 3071 283 3103 t.
302 3057 428 3123 impulsu.
1060 3059 1069 3068 ⁴

241 3120 270 3188 3)
292 3124 366 3176 Voss.
388 3142 411 3178 2.
432 3126 530 3175 pat-1.
552 3122 651 3190 eoepit·

241 3189 270 3254 lp)
291 3191 364 3240 Frsh.
384 3187 479 3244 contra
497 3193 584 3242 Codd.
602 3195 703 3258 transp.
729 3191 932 3258 rega'ua'verso.
959 3221 991 3230 -
1026 3193 1096 3244 idem
1115 3195 1164 3244 itc-

172 3275 230 3308 rum
255 3268 319 3307 mut.
340 3261 399 3309 ord.
417 3279 487 3310 more
507 3277 626 3330 qttoque.
646 3287 678 3298 -—
705 3261 759 3310 Pul.
781 3269 800 3317 1.
820 3263 897 3312 Voss.
920 3263 1021 3314 nefus
1042 3271 1101 3328 prist
1122 3275 1164 3312 m·

174 3325 357 3380 hermionium.
950 3339 963 3372 '-

241 3395 269 3458 tt)
299 3414 335 3448 rr,
362 3397 496 3446 sollicitos
529 3397 749 3449 esse-adiuncto
781 3413 830 3444 nos
861 3395 937 3447 Frsb.
976 3407 1069 3447 contra
1097 3407 1164 3465 optt.

174 3463 261 3513 Codri.
286 3467 445 3531 postposuit,
463 3475 491 3515 ut
510 3467 544 3516 ita
560 3466 698 3530 legantur:
717 3463 795 3522 ruiis,
808 3481 879 3514 scos
897 3484 953 3514 esse
973 3467 1115 3516 sollicitos.
