2688 3872
423 379 467 430 DF.
488 377 611 429 Gusrts
638 378 739 429 Atax.
760 379 833 444 Vlll,
852 379 894 446 43·
1112 385 1161 440 103

162 525 298 588 militum
320 521 435 606 agmini
466 521 615 598 isumixti,
640 523 755 603 procul
788 525 991 587 castellorum
1016 521 1161 586 moerent
1195 561 1198 566 ·

162 605 312 686 speciem.
340 607 388 663 Ao
408 602 513 682 primo
535 601 716 662 Alexander
735 623 798 664 non
820 605 942 669 socium
962 603 1019 664 sed
1034 603 1194 674 hostema

146 685 334 752 ‚adventare
358 680 520 743 credebat.
559 683 689 770 lamque
712 683 837 764 etipse
866 705 951 744 arma
972 684 1086 744 milites
1109 705 1161 744 cs·

162 785 242 844 pere
268 775 301 823 et
322 761 447 845 equites
469 759 635 820 discedere
657 761 689 820 in
710 781 830 822 cornua
847 762 1000 840 iusserat,
1028 775 1159 844 paratus

162 843 202 902 ad
231 863 379 936 pugnam.
424 843 467 900 At
494 839 605 914 ludus,
640 841 1004 922 cognito-Macedonum
1035 862 1159 920 errore,

161 923 253 983 iussis
281 921 457 981 subsistere
494 919 629 995 ceteris,
658 919 727 1012 ipse
760 921 898 982 concitat
930 941 1064 1004 equum,
1093 943 1179 1004 quo.

163 1001 358 1064 vehebatur:
386 999 471 1058 idem
495 998 673 1058 Alexander
698 1021 827 1084 quoque
848 999 946 1076 fecit,
968 1001 1036 1060 sire
1056 1000 1158 1062 hostis

162 1083 230 1142 sive
256 1080 371 1140 amicus
393 1088 597 1152 occurreret,
621 1078 673 1137 vel
697 1099 753 1139 sua
775 1080 897 1141 virtute
917 1079 969 1142 vel
991 1079 1073 1139 illius
1095 1077 1158 1140 fide

161 1173 258 1222 tutus.
282 1159 431 1234 Coivere,
452 1156 540 1240 quod
555 1178 594 1234 er
606 1157 773 1242 ptriusqne
790 1159 878 1220 vultu
887 1170 997 1239 posset
1014 1158 1158 1241 intelligi,
1180 1173 1196 1226 e

162 1239 272 1300 animis
311 1238 438 1299 amicis:
468 1247 612 1318 ceterum
636 1237 702 1302 sine
729 1239 907 1319 interprete
934 1259 997 1300 non
1025 1247 1157 1318 poterat

161 1319 287 1381 conseri
307 1335 424 1380 sermo.
450 1317 561 1398 Itaque
583 1315 722 1378 adhibito
740 1338 790 1397 eo,
805 1317 961 1378 barbarus
977 1319 1156 1378 occurrisse

162 1421 196 1459 se
222 1398 302 1458 dixit
330 1417 403 1458 cum
431 1396 592 1470 exercitu,
631 1408 715 1478 totas
743 1397 868 1480 imperii
899 1398 984 1478 yires
1011 1399 1157 1482 protinus

159 1478 363 1545 traditurum,
384 1493 444 1535 nce
465 1486 678 1555 exspectasse,
699 1477 773 1536 dum
795 1497 856 1558 per
875 1478 1001 1538 nuntios
1026 1476 1160 1537 daretur

160 1557 251 1624 iides.
291 1561 417 1649 Corpus
441 1575 532 1614 suum
557 1566 590 1615 et
609 1575 742 1635 regnum
762 1557 951 1637 permittere
976 1557 1039 1623 illi,
1060 1576 1192 1638 quemso

160 1639 268 1713 sciret,
289 1637 411 1718 gloriae
426 1631 629 1717 militantem,
651 1634 727 1719 nibil
748 1637 848 1737 magis
869 1657 963 1720 quam
980 1635 1097 1697 famam
1117 1636 1156 1696 ti·
1187 1655 1191 1660 ·

161 1737 251 1778 mere
276 1713 440 1797 perfidiae.
879 1731 885 1750 ⁴

240 1799 356 1868 Laetus
378 1793 433 1852 sim
458 1792 577 1853 licitate
604 1792 731 1852 barbari
755 1814 812 1864 rex
835 1805 868 1854 et
889 1793 1053 1854 dexteram
1076 1791 1194 1862 ndeita

160 1897 236 1938 suae
257 1876 370 1958 pignus
392 1813 491 1944 dedit,
513 1883 545 1932 et
569 1867 869 1954 regnpm1·esti‘tuit.
900 1875 973 1936 LVI
995 1871 1189 1953 elephanti-¹¹

160 1967 260 2032 erant,
282 1975 362 2038 quos
384 1951 515 2012 tradidit
535 1951 737 2028 Alexandro,
765 1946 927 2037 multaque
948 1948 1068 2032 pecora
1091 1950 1155 2010 exi·

160 2037 241 2096 ntiae
263 2031 502 2116 magnitudinis,
532 2013 641 2090 tauroi
673 2029 712 2090 ad
740 2034 782 2090 lll
806 2033 905 2104 milia,
925 2031 1102 2111 pretiosum
1122 2029 1154 2088 in

161 2135 197 2176 ea
225 2115 358 2195 regione
397 2123 628 2193 acceptumque
665 2111 773 2171 animis
806 2111 1004 2195 regnantium
1033 2129 1155 2179 armen·

159 2207 236 2256 tum.
270 2190 443 2282 Quaerenti
471 2190 668 2264 Alexandro,
696 2192 805 2286 plures
827 2187 1036 2274 agricultores
1058 2189 1195 2272 habe-tt

161 2285 213 2336 ret
234 2295 271 2334 an
293 2268 430 2345 milites?
447 2289 531 2335 cum
553 2269 678 2340 duobus
707 2271 836 2352 regibus
857 2270 989 2344 bellanti
1010 2269 1070 2329 sibi
1091 2289 1156 2328 ma-

161 2355 230 2414 iore
250 2353 385 2413 militum
406 2371 499 2432 quam
521 2349 690 2430 agrestium
711 2371 805 2410 manu
826 2372 906 2432 opus
931 2369 1002 2409 esse
1023 2369 1156 2430 respon·

160 2433 215 2494 dit.
261 2433 410 2493 Abisares
432 2440 466 2488 et
488 2431 592 2500 Bonus
620 2440 729 2505 erant,
759 2431 868 2504 sedin
889 2432 976 2490 Poro
999 2428 1192 2488 eminebant

160 2513 340 2574 auctoritas.
390 2505 543 2592 Uterque
568 2505 652 2570 ultra
685 2501 855 2590 Hydaspen
890 2527 1011 2568 amnem
1043 2526 1155 2587 regna·

160 2592 223 2667 bat,
248 2603 281 2653 et
301 2589 378 2652 belli
399 2587 571 2666 fortunam,
592 2588 732 2672 quisquis
755 2608 841 2674 arms
856 2587 1004 2674 inferret,
1030 2584 1155 2691 experi-

166 2742 362 2755 -ι--ο-ν-ιι

164 2843 170 2852 “
227 2837 255 2894 8)
274 2853 324 2906 pro
341 2835 489 2901 discedere,
504 2835 576 2906 qnod
596 2843 635 2897 est
653 2852 685 2888 ex
703 2836 785 2898 coni,
800 2833 967 2904 opttCodd,
981 2835 1157 2893 descendere.

159 2931 193 2946 -
210 2904 284 2955 Frsb.
303 2915 397 2956 contra
416 2915 484 2972 optt.
504 2904 593 2976 ¹llodd.
610 2913 736 2970 puratos.
820 2911 823 2925 ⁴

226 2984 256 3040 9)
275 2983 342 3040 optt.
368 2971 454 3024 Codd·
475 2984 549 3022 totns
567 2972 707 3038 imperium
727 2987 789 3036 res,
808 2969 884 3022 Leid.
904 2971 933 3034 P.
954 2983 1030 3024 totns
1049 2976 1157 3046 imperii

162 3058 213 3094 res.
233 3070 265 3080 —
284 3057 333 3109 pro
350 3051 519 3120 exspectasse
537 3041 576 3090 Fl.
593 3037 668 3119 [εἰῤ.
690 3037 768 3087 Voss.
789 3039 855 3120 .''.D'
872 3039 900 3092 Β.
920 3051 1066 3108 spectasse,
1082 3048 1156 3125 entius

159 3107 1156 3244 ttllttnttt,tlstlttnttls⁰3ttfllt‘ttltttltstt?

160 3243 233 3293 hard.
249 3243 283 3293 ad
301 3245 355 3294 Lis.
375 3244 441 3308 Vll,
465 3241 516 3308 24,
544 3242 569 3291 6.
598 3243 765 3309 obloquente
787 3241 886 3294 ibidem
904 3243 1040 3298 Drakenb.
1065 3255 1093 3298 ct
1122 3248 1157 3299 sd

159 3313 246 3432 '‘de
264 3318 357 3430 Qi'bdb
381 3393 407 3429 a.
418 3375 492 3446 fidei
506 3377 563 3427 sine
583 3394 656 3427 snae.

214 3459 244 3499 ι’)
276 3447 385 3498 militum
398 3462 481 3495 mrsnu
500 3455 598 3514 transp.
618 3445 648 3499 P.
