2688 3872
470 395 515 452 DE
536 393 661 450 OEssss
685 395 786 448 Atta.
803 397 838 460 Χ,
864 410 904 449 ιο.
1137 404 1185 456 171

132 565 133 572 ¹
198 565 292 632 quam
315 543 493 625 ostenditis,
517 545 551 607 in
571 557 634 642 (pua
653 543 757 638 maior
775 561 850 625 pers
869 543 1108 606 exmoitusnon
1123 557 1193 626 est:

193 638 310 768 {Rom
331 626 535 708 cumplures
557 623 747 701 dimiserunt,
773 643 866 708 ιῙιιιιιι
893 634 1075 686 retenturus
1103 645 1182 694 suns.

263 719 312 769 est
329 705 485 766 ‘nimirum
511 703 602 766 altius
628 703 762 774 malum,
787 703 1005 786 quodomnes
1027 707 1143 766 avertit
1166 728 1218 770 aas

194 804 256 849 me.
302 785 439 868 Quando
461 785 544 847 enim
563 803 674 868 regem
693 784 858 846 universus
891 783 1181 850 deseruitexemi..
1226 815 1229 820 ·

194 865 271 929 tus?
289 869 336 927 Ne
358 865 443 927 servi
464 866 593 951 quidem
612 881 797 947 uno··grege
814 862 1009 947 profugiunt
1026 863 1182 948 dominos,

194 947 253 1008 sed
273 957 322 1006 est
342 945 468 1040 quidam
486 946 604 1007 inillis
624 945 731 1028 pudor
759 965 777 1004 a
805 943 922 1006 ceteris
943 942 1110 1006 destitutos
1130 969 1192 1010 re··

192 1024 366 1120 linquenda.
405 1027 539 1098 *Verum
564 1045 625 1108 ego
654 1037 718 1086 tam
747 1023 890 1085 furiosae
920 1025 1215 1091 consternationistt

193 1105 323 1182 oblutus,
342 1104 726 1175 remediainsanabilibus
748 1123 849 1166 conor
860 1102 1022 1165 adhibere.
1044 1102 1180 1169 Omnem

193 1183 326 1246 hercule
350 1205 457 1268 spem,
533 1207 582 1247 ans
603 1205 643 1246 ex
669 1184 761 1247 vobis
789 1204 1018 1266 conceperam,
1055 1183 1179 1262 damno,

192 1285 252 1326 nec
272 1277 309 1327 ut
324 1285 395 1328 cunt
407 1267 498 1328 militi
520 1287 558 1326 us
571 1266 660 1335 meis,
682 1264 745 1324 iam
766 1265 848 1326 enim
868 1284 938 1326 esse
961 1263 1108 1341 desistis,⁴
1122 1266 1179 1327 sed

191 1355 229 1406 ut
248 1363 319 1405 cum
338 1346 556 1428 ingratissimis
581 1345 689 1427 operis
714 1365 812 1426 agere
841 1344 984 1406 decrevi:
1023 1344 1213 1408 Secundum

192 1425 301 1503 rebus,
323 1447 404 1520 quse
420 1424 645 1488 circumfluunt
665 1443 734 1498 vos,
749 1424 885 1486 insanire
907 1425 1066 1506 coepistis,
1088 1425 1179 1488 obliti

190 1516 291 1566 status
313 1516 390 1583 erus,
405 1523 500 1590 quem
512 1504 668 1568 beneficio
685 1505 814 1588 exuistis
826 1525 910 1582 meo,
931 1503 963 1565 di
1008 1506 1014 1520 '
1028 1506 1178 1585 hercule,

149 1605 152 1614 ·
190 1586 246 1670 qui
266 1585 298 1646 in
318 1585 433 1648 eodem
454 1586 705 1660 consenescatis,
734 1586 880 1668 quoniam
906 1527 1031 1647 faciiiirs
1053 1600 1102 1650 est
1121 1609 1178 1650 vos

188 1663 238 1726 bis
259 1666 435 1743 adversam,
458 1680 551 1752 quam
571 1665 756 1742 secundam,
779 1685 895 1748 regere
914 1664 1084 1728 fortunam.
1126 1670 1213 1736 Enna

188 1746 335 1807 tandem!
369 1747 550 1828 lllyriorum
577 1745 673 1840 paulo
688 1752 771 1804 'ante
801 1756 834 1804 et
852 1747 1024 1807 Persarum
1043 1748 1186 1809 tributa--

187 1825 243 1887 riis
264 1826 393 1888 Asia‘et
422 1839 472 1888 tot
502 1836 643 1920 gentium
658 1823 774 1918 'spolia
800 1823 928 1886 fastidio
953 1837 1035 1888 sunt.
1077 1828 1175 1889 Modo
1233 1823 1236 1832 ¹

189 1905 248 1967 suh
271 1905 421 1988 Philippo
443 1904 613 1968 seminudis
634 1903 767 1965 amicula
798 1924 837 1964 ex
864 1925 1010 1986 purpura
1034 1911 1176 1987 sordent,

188 2007 299 2046 aurunt
321 1998 355 2048 et
376 1998 548 2070 argentum
573 1985 659 2064 oculi
681 1983 771 2046 ferre
797 2004 861 2045 non
889 1998 1037 2066 possunt:
1070 1987 1174 2071 lignea

188 2065 271 2126 enim
293 2085 367 2127 vasa
387 2067 577 2142 desiderant,
599 2076 692 2126 etex
713 2063 853 2126 cratibus
873 2077 962 2126 scuta
982 2065 1175 2149 rubiginem·

182 2165 250 2231 'qne
279 2145 466 2229 gladiorum.
522 2145 595 2208 Hoc
621 2145 710 2205 cultu
737 2146 872 2206 nitentes
899 2165 964 2207 vos
988 2148 1114 2230 accepi,
1142 2159 1209 2213 etet
1278 2215 1282 2225 x

186 2225 262 2310 quin
286 2238 357 2288 enta
377 2224 493 2289 talenta
514 2227 596 2288 senis
618 2225 722 2302 alieni,
746 2245 819 2286 cum
840 2225 940 2288 omnis
959 2227 1049 2310 regia
1069 2230 1174 2312 supel-
1210 2293 1211 2296 Ἴ

185 2307 238 2368 lex
264 2247 351 2368 itud
383 2308 524 2390 amplius
542 2326 636 2391 quom
662 2305 823 2390 sexaginta
858 2307 1050 2371 talentorum
1077 2322 1172 2384 esset,

184 2407 331 2451 meorum
359 2381 495 2471 operum
525 2387 738 2449 fundamenta.
778 2385 902 2468 Quibus
936 2400 1041 2450 tamen
1075 2390 1174 2465 (absit

184 2465 314 2548 invidia)
345 2469 514 2551 imperium
538 2467 691 2528 maximae
715 2478 873 2528 terrarum
899 2469 997 2549 partis
1024 2467 1171 2549 imposuiss

80 2545 85 2550 ’
184 2545 320 2607 Asiaene
339 2559 521 2628 pertaesum
540 2559 604 2615 est,
635 2567 717 2628 quae
738 2566 796 2606 vos
816 2547 919 2628 gloria
940 2567 1048 2606 rerum
1068 2561 1212 2628 gesta-²5

1 2623 2 2638 ¹
184 2645 256 2704 rum
276 2625 345 2684 Diis
366 2647 461 2706 peres
480 2624 583 2685 feeit?
603 2627 638 2682 ln
657 2627 820 2704 Europam
840 2625 888 2684 ire
908 2627 1100 2705 properetis,
1120 2649 1172 2690 re-

211 2723 229 2764 e
250 2701 389 2782 deserto,
403 2723 481 2764 cum·
491 2701 635 2784 pluribus
652 2714 796 2764 vestrum
816 2703 1001 2770 defuturum
1023 2706 1171 2770 viaticum

184 2724 304 2860 inerte,
338 2785 370 2845 ni
396 2803 449 2844 aes
479 2782 614 2843 alienum
640 2781 784 2841 luissem:
820 2803 935 2864 nempe
968 2783 1000 2843 in
1033 2785 1171 2848 Asiatica

182 2861 311 2947 praeda.
355 2865 421 2925 Nee
441 2861 542 2947 pudet
562 2859 724 2944 profundo
743 2875 855 2926 ventre
877 2863 1073 2943 devictarum
1095 2881 1211 2950 gen-zo

181 3051 382 3066 w

198 3161 200 3167 '
232 3150 282 3216 ιο)
299 3151 373 3206 Frsh.
388 3160 488 3223 trsnsp.
507 3155 643 3207 exercitus
657 3152 786 3210 deseruit.
797 3179 830 3194 -
850 3167 906 3203 uon
922 3153 992 3204 enain
1009 3157 1083 3208 servi
1090 3153 1167 3236 Voss

185 3236 210 3273 m
227 3221 284 3355 liii
300 3238 376 3342 i‘oss.
395 3305 419 3346 o.
439 3305 570 3344 conen-
590 3290 646 3342 Pol.
668 3305 690 3342 1.
710 3258 966 3344 devehis-Frsh.
986 3299 1079 3346 contra
1098 3301 1166 3362 optt.

182 3357 270 3411 Codd.
287 3357 427 3410 destitistis
433 3376 444 3419 ,·
459 3359 495 3410 ei.
511 3360 628 3432 interpp.
645 3357 679 3409 ad
698 3361 807 3414 Suetou.
823 3360 914 3412 vitett.
934 3375 958 3411 c.
976 3361 1014 3416 ti.

233 3427 264 3478 23
297 3429 374 3494 vulgo
390 3427 480 3478 Asiae.
496 3455 530 3468 —
545 3431 581 3482 al.
592 3427 725 3499 fastidio.

232 3492 264 3561 ιι
294 3496 372 3555 Voss.
391 3511 415 3548 ι.
431 3497 518 3565 perti.
585 3531 590 3538 .
