2686 3876
187 401 220 458 u
340 443 342 449 .
546 394 579 470 o.
603 391 721 446 curru
745 393 825 446 auu
879 456 883 462 q

187 543 360 604 circumire
380 541 508 621 milites,
528 541 718 606 contrahere
740 541 918 625 dispersos,
946 541 1084 604 allevare
1103 556 1190 623 prou·

185 634 314 699 stratos,
330 623 501 686 ostendere
519 623 635 705 procul
650 623 814 684 evolutum
831 644 870 684 ex
885 623 1021 706 tuguriis
1044 621 1180 701 fumum,

184 700 374 786 hortarique
389 715 435 764 ‘ut
459 704 604 786 proxima
630 723 777 786 quaeque
809 703 945 787 suffugia
974 715 1179 782 occuparent.

152 783 252 844 ¹⁰Nec
276 783 338 844 ulla
358 803 411 844 res
431 784 528 878 magis
550 784 642 846 saluti
665 783 746 860 suit,
769 805 862 868 quam
887 783 974 868 quod
994 782 1181 866 multiplica·

177 873 218 925 to
245 861 357 926 labore
387 862 599 926 sufficientem
624 864 734 941 malis,
778 863 892 949 quibus
920 864 982 946 ipsi
1009 875 1206 943 cesserant*

183 962 297 1027 regem
318 943 470 1024 deserere
491 943 731 1006 erubescebant.
931 947 934 956 ’

147 1031 185 1093 15
265 1025 419 1089 Ceterum
445 1023 608 1086 efficacior
636 1024 679 1085 in-
695 1024 839 1086 adversis
866 1023 1057 1098 necessitas,
1085 1044 1181 1108 quam
1252 1035 1260 1044 “

183 1102 286 1174 ratio,
310 1103 440 1186 frigoris
465 1103 644 1166 remedium
671 1105 799 1170 inuenit.
840 1105 990 1166 Dolabris
1016 1103 1100 1167 enim
1127 1105 1182 1164 sil·

182 1203 238 1246 vas
262 1196 408 1246 sternere
429 1183 582 1266 aggressi,
603 1186 719 1266 passim
741 1205 873 1246 acervos
887 1195 1054 1267 struesque
1069 1204 1181 1246 accen-

150 1261 310 1328 sederunt.
353 1264 535 1326 Continenti
554 1265 703 1326 incendio
732 1265 846 1326 ardere
875 1265 1025 1326 crederes
1055 1264 1181 1343 saltum,

177 1355 217 1405 ct
243 1345 293 1406 vix
313 1342 557 1406 interflammas
574 1341 756 1428 'agminibus
779 1345 928 1406 relictum
957 1346 1074 1409 locum.
1117 1345 1180 1406 Hic

182 1423 272 1486 calor
291 1425 451 1506 stupentia
480 1425 623 1486 membra
648 1425 837 1496 commovit,
878 1425 1095 1509 paulatimque
1117 1425 1180 1508 spi·

177 1504 279 1582 ritus,
305 1519 401 1588 quem
429 1505 630 1568 continuerat
655 1505 762 1588 rigor,
796 1525 903 1566 meare
931 1504 1033 1565 libere
1061 1507 1179 1587 coepit.
1222 1503 1223 1507 ’

151 1585 350 1666 tsEscepere
373 1583 451 1646 elios
472 1596 556 1647 tecta
577 1585 807 1661 barbarorum,
834 1606 916 1669 quae
935 1586 966 1645 in
987 1585 1098 1648 ultimo
1120 1585 1181 1646 sal·

181 1674 218 1724 tu
237 1663 343 1726 abdita
362 1665 532 1726 necessitas
554 1665 818 1748 investigaverat:
851 1666 928 1727 alios
957 1679 1075 1742 cestra,
1097 1685 1180 1749 quae

180 1741 214 1804 in
234 1742 365 1810 humido
387 1745 533 1828 quidem,
553 1745 611 1807 sed
637 1746 700 1806 iam
729 1746 811 1810 coeli
831 1747 1017 1808 mitescente
1039 1747 1180 1822 saevitia,

180 1823 379 1887 locaverunt
420 1827 495 1888 Duo
524 1827 610 1888 milia
637 1827 774 1888 militum
802 1839 899 1911 atque
932 1827 1067 1887 lixarum
1082 1828 1180 1899 ¹ealo-

146 1917 320 1988 ttnumquc
344 1906 444 2048 pestis
471 1909 525 1968 illa
553 1908 755 1990 consumpsit.
807 1908 979 1969 Memoriae
1015 1907 1180 1988 proditum

181 1996 241 2063 est,
262 2007 341 2070 quos
367 2009 414 2048 am
438 1989 610 2070 applicatos
639 1988 789 2050 arborum
810 1989 949 2064 muncia,
976 1997 1010 2048 et
1036 2007 1100 2047 non
1128 2009 1179 2048 so·

66 2067 73 2075 “
177 2063 247 2126 lum
267 2067 463 2144 viventibus,
495 2068 552 2129 sed
580 2068 673 2128 etiarn
695 2069 780 2128 inter
806 2089 840 2128 se
861 2068 1115 2150 colloquentibus
1137 2069 1179 2128 si-

180 2146 281 2219 miles,
302 2165 373 2206 esse
395 2160 604 2229 conspectos,
625 2148 760 2208 durante
785 2147 888 2208 adhue
908 2147 1036 2224 habitu,
1058 2149 1090 2208 in
1111 2170 1177 2232 quo

107 2259 108 2262 ¹
152 2237 271 2287 ttmors
292 2245 452 2317 quemque
475 2225 742 2308 deprehenderat.
785 2227 885 2288 Forte
910 2229 1043 2288 Macedo
1065 2249 1179 2310 grega-

182 2305 250 2368 rius
271 2303 373 2380 mrles,
394 2325 494 2388 seque
516 2317 550 2366 et
570 2327 656 2366 arma
668 2304 860 2383 sustentans,
875 2307 1002 2368 tandem
1022 2308 1054 2368 in
1075 2321 1179 2370 castra

179 2395 385 2466 pervenerat.
408 2383 483 2470 Quo
504 2385 575 2447 viso
596 2405 666 2462 rex,
690 2403 879 2469 quamquam
901 2387 969 2468 ipse
982 2400 1059 2448 vtum
1083 2389 1178 2448 maxi·

181 2481 234 2526 me
257 2463 385 2526 admoto
404 2465 478 2548 igue
493 2465 664 2529 refovebat
687 2475 784 2547 artus,
805 2487 845 2528 ex
864 2467 943 2529 sella
962 2487 1019 2530 sua
1041 2469 1178 2548 exsiluit,

179 2747 182 2753 ·
248 2736 276 2800 9)
295 2731 375 2784 Voss.
394 2749 418 2784 2.
441 2745 474 2784 et
495 2733 675 2798 contrahere;
696 2731 767 2784 idem
795 2730 908 2783 hortum
922 2733 979 2786 sine
999 2734 1088 2787 enclit.
1115 2750 1175 2804 qne.

182 2829 213 2841 -
233 2801 288 2851 Pal.
310 2815 331 2852 ι.
348 2805 473 2870 proximu
491 2805 654 2872 quisquc.

231 2875 277 2927 tat
296 2870 373 2920 Voss.
391 2888 416 2922 a.
434 2873 575 2926 commovit
593 2869 717 2921 rnembru.
734 2894 766 2906 -
784 2885 835 2937 pro
862 2872 1037 2922 corztr'nuerat
1055 2872 1133 2924 Voss·
1151 2875 1177 2928 2·

181 2939 384 2990 comminuet-ut.

235 3010 277 3062 13)
295 3006 324 3054 F.
346 3013 447 3074 transp.
465 3005 646 3058 bur-durorum
657 3018 744 3069 plecta.
765 2999 797 3046 -’
814 3007 890 3058 Frsh.
912 3007 1011 3058 mille
1028 3007 1108 3061 milit.

233 3071 275 3139 14)
296 3073 373 3122 Voss.
393 3089 417 3128 a.
438 3075 523 3125 omitt.
543 3093 582 3130 vv.
601 3074 861 3144 sedetiam-colloq„
892 3078 971 3127 etita
991 3079 1081 3126 locum
1102 3074 1176 3128 exhi·

180 3143 239 3195 bel:
265 3157 321 3190 non
346 3140 433 3191 solum
460 3143 567 3200 vivunt.
598 3144 678 3194 ss'mil.
703 3162 759 3194 esse
785 3155 961 3214 surrepentes,
988 3143 1049 3194 sed
1070 3142 1176 3194 duran·

182 3223 206 3262 te
226 3223 275 3264 ete.
652 3228 656 3236 ⁴

237 3277 278 3348 ¹5)
297 3279 332 3328 al.
352 3293 413 3326 eum
432 3277 548 3330 Thecct.
568 3295 650 3348 seque
667 3279 713 3330 nd
727 3297 813 3334 arma.
836 3309 869 3320 --
895 3291 984 3330 tamen
1000 3296 1050 3348 pro
1068 3277 1177 3331 tandem

180 3347 221 3399 st.
240 3346 317 3399 Laid.
337 3345 414 3395 Voss.
437 3353 459 3402 1.
476 3375 508 3386 -
537 3347 610 3400 Frsh.
629 3361 695 3402 tunc
714 3352 835 3400 maxime.
847 3375 878 3386 -
898 3349 927 3396 P.
947 3357 1048 3416 transp.
1071 3345 1176 3416 refove·

181 3417 326 3468 detortus
345 3413 455 3466 admoto
478 3419 551 3485 1'gne.
571 3418 606 3468 al.
625 3417 744 3467 exsilivit
765 3427 792 3471 et
817 3415 968 3485 prosilivit.
1004 3443 1051 3467 —-⁴
1070 3419 1127 3471 Pal.
1151 3426 1174 3474 l.

182 3485 268 3538 omitt.
289 3485 319 3534 in
335 3492 398 3535 ante
414 3503 465 3536 sua
483 3485 553 3550 sede.
609 3542 613 3548 v
650 3485 653 3504 ¹
789 3492 792 3494 ’
