2688 3872
188 396 236 449 uu
550 391 584 458 Q.
603 391 721 442 curm
743 391 822 441 surr

191 539 295 606 bonae
320 536 388 628 spei
416 535 548 628 pectora
582 549 615 598 et
647 557 742 619 saepe
778 556 812 596 se
849 545 982 615 experta
1011 533 1186 615 improviso
1255 561 1256 572 ι

190 629 294 678 tumen
325 637 447 696 pavore
476 630 708 696 percusserant.
752 615 881 696 Quippe
908 614 1070 674 instabiles
1102 626 1187 674 rates

189 715 249 756 uec
266 695 360 776 dirigi
381 696 419 756 ad
442 695 541 776 ripam
555 717 614 756 nec
629 708 697 756 tuto
715 695 865 777 applicari
887 713 980 773 posse
1003 693 1186 756 credebant.

151 777 290 848 ¹2Epant
310 775 341 833 in
363 775 472 848 medio
490 796 580 848 arnna
601 776 721 844 insulae
744 774 893 846 crebrae,
913 772 943 831 in
965 793 1043 854 quas
1065 784 1097 832 et
1121 772 1188 832 Indi

186 866 220 923 et
244 854 434 915 Macedones
457 867 576 929 nantes,
597 856 707 915 levatis
729 875 828 935 super
850 852 951 932 capita
966 853 1186 921 armis,trans·

185 933 282 1002 ibant.
328 934 376 993 lbi
405 934 488 993 levia
516 935 638 1014 proelia
670 933 936 1006 conserebantur,
984 943 1017 1002 et
1048 942 1187 1014 uterque

185 1034 243 1073 rex
265 1033 383 1094 parvae
405 1013 453 1078 rei
474 1013 655 1082 discrimine
677 1033 817 1073 summae
845 1010 1070 1090 experiebatur
1092 1031 1187 1071 even·

155 1104 263 1165 tatum.
306 1095 459 1153 Ceterum
485 1093 517 1151 in
538 1094 748 1163 Macedonum
771 1091 914 1152 exercitu
937 1091 1118 1150 temeritate
1140 1103 1186 1151 at·

185 1194 249 1254 que
280 1173 410 1232 audacia
438 1172 574 1253 insignes
608 1172 702 1236 fuere
737 1169 942 1250 Symmachus
978 1180 1011 1229 et
1037 1170 1186 1246 Nicanor,

185 1251 308 1324 stabiles
322 1253 464 1325 iuvenes,
485 1263 518 1309 et
530 1263 690 1332 perpetua
707 1251 844 1332 partium
860 1249 1012 1309 l'elicitate
1034 1249 1081 1309 ad*
1095 1270 1184 1330 sper-⁴

152 1332 323 1390 terrendum
339 1350 431 1390 omne
449 1331 627 1410 perieulum
648 1330 781 1402 accensi.
811 1328 892 1414 Quis
918 1328 1052 1388 ducibus
1073 1349 1183 1409 prom·

183 1409 294 1468 tissimi
322 1409 470 1470 iuvenum
497 1410 613 1470 lanceis
644 1409 740 1469 modo
769 1407 880 1467 armati
907 1420 1112 1468 transnavere
1154 1410 1187 1469 in

182 1488 326 1564 insulam,
348 1508 442 1570 quam
466 1487 619 1570 frequens
640 1488 741 1549 hostis
761 1487 906 1562 tenebat3
928 1489 1110 1571 multosque
1134 1478 1185 1548 In-

184 1567 311 1642 dorum,
331 1567 416 1628 nulla
437 1588 473 1628 re
496 1569 608 1639 melius
632 1589 726 1652 quam
754 1565 883 1639 audacia
911 1568 1037 1642 armati,
1070 1567 1185 1630 intere·

150 1657 320 1708 ¹5merunt.
366 1645 465 1706 Abire
487 1668 558 1707 cum
579 1650 681 1731 gloria
702 1657 860 1729 poterant,
882 1647 908 1706 si
929 1667 1066 1728 unquam
1087 1659 1185 1709 teme·

184 1725 260 1799 ritas
285 1725 363 1786 l'elix
389 1726 549 1787 inveniret
577 1728 722 1801 modum3
750 1726 807 1787 sed
828 1726 903 1785 dum
924 1727 1202 1806 supervenientes·

186 1805 369 1868 uorstemtim
392 1819 424 1866 et
446 1807 585 1886 superbe
607 1828 737 1892 quoque
758 1817 952 1886 exspectant,
976 1805 1185 1870 circumventi

185 1884 224 1956 ab
240 1884 298 1958 bis,
320 1885 376 1968 qui
397 1887 515 1955 occulti
536 1900 717 1964 erraverant,
742 1887 862 1959 eminus
880 1885 987 1944 obruti
1007 1886 1079 1946 telis
1101 1898 1183 1951 sunt.

153 1963 248 2055 ¹b'Qui
270 1964 451 2047 effugerant
474 1967 619 2042 bostem,
640 1979 694 2041 aut
718 1967 841 2052 impetu
862 1965 958 2025 amnis
980 1964 1075 2026 ablati
1102 1979 1185 2043 sunt,

187 2057 242 2104 aut
266 2045 440 2106 verticibus
466 2047 619 2126 impliciti.

143 2123 185 2188 lc
263 2125 374 2204 anue
397 2145 502 2205 pugna
526 2128 660 2185 multum
676 2125 754 2185 Pori
770 2122 917 2184 fiduciam
936 2124 1049 2201 crexit,
1071 2136 1184 2184 cuncta

148 2203 340 2269 ¹tcernentis
371 2224 388 2262 e
419 2205 447 2262 ri
472 2227 497 2275 a,
550 2205 747 2276 Alexander,
774 2205 865 2287 inops
888 2204 1029 2277 consilii,
1056 2204 1184 2264 tandem

185 2279 225 2340 ad
251 2280 426 2340 l'allendum
448 2226 580 2342 bostem
603 2284 696 2343 talem
719 2284 834 2345 dolum'
854 2283 997 2356 intendit.
1039 2286 1118 2343 Erat
1139 2284 1184 2343 in·

184 2359 253 2418 sula
280 2360 310 2418 in
337 2358 468 2421 llumine
494 2363 629 2441 amplior
658 2364 791 2438 ceteris,
825 2363 979 2424 silvestris
1010 2363 1121 2423 eadem
1151 2376 1184 2424 et

183 2439 327 2519 tegendis
356 2440 475 2504 insidiis
509 2453 581 2522 apta
642 2443 741 2502 Fossa
773 2463 904 2526 quoque
933 2444 1073 2535 praealta
1099 2441 1183 2502 haud

183 2519 298 2596 procul
320 2518 400 2599 ripa,
426 2541 519 2602 quam
546 2522 675 2584 tenebat
690 2523 768 2602 ipse,
790 2527 858 2582 non‘
868 2522 993 2604 pedites
1010 2522 1107 2584 modo
1125 2522 1183 2582 sed

148 2597 278 2658 uetiam
299 2619 370 2669 cum
393 2601 483 2682 equis
505 2601 590 2664 viros
617 2614 745 2684 poterat
773 2601 981 2662 abscondere.
1025 2604 1127 2686 igitur
1147 2613 1186 2690 ut⁸

188 2738 348 2758 Q...-

238 2840 280 2906 ιι)
298 2839 372 2889 Frsb.
392 2840 578 2893 corrserebnnt.
597 2866 631 2881 -ι-
657 2839 733 2906 Vpss.
756 2856 780 2890 a.
800 2839 1026 2908 exper·iebuntur·;
1045 2837 1105 2888 vide
1124 2855 1180 2889 me·

183 2909 316 2956 motabile
336 2910 486 2974 exemplum
506 2908 583 2958 buius
601 2910 733 2972 varietatis
759 2909 831 2976 apud
856 2909 913 2972 Cic.
942 2907 977 2958 de
1003 2907 1067 2958 fian.
1095 2908 1181 2960 Bonn.

182 2976 220 3039 ll,
239 2977 296 3024 init.
317 2975 406 3042 ibique
430 2975 564 3026 Goerena.

236 3039 279 3106 14»
298 3057 347 3108 pro
365 3044 460 3105 inclitas
480 3044 553 3096 Frsb.
572 3044 660 3110 magis
683 3051 776 3093 contra
795 3053 863 3110 optt.
884 3043 972 3094 Codd.

241 3113 282 3162 ιὰ]
303 3117 371 3174 optt.
391 3109 470 3160 Codd
499 3109 603 3177 infelix.
622 3138 655 3149 -
672 3110 748 3166 Frsb.
773 3109 805 3159 ub
832 3113 889 3162 iis.
920 3141 952 3152 -
988 3110 1060 3162 idem
1087 3119 1181 3161 contra

183 3185 250 3245 opll.
271 3175 356 3226 Codd.
380 3188 570 3230 crtuturcrunt,

237 3250 278 3307 ib)
298 3245 317 3292 F
321 3243 372 3296 rsb.
391 3245 514 3310 neglecta
533 3245 622 3296 Codd.
642 3246 804 3312 auctoritate
823 3247 999 3306 uortieibos‚·
1016 3247 1050 3295 cl.
1069 3247 1180 3297 Noltcu.

154 3335 156 3338 ψ
183 3313 245 3362 tex.
265 3311 353 3360 annu.
374 3329 400 3378 p.
429 3323 500 3363 1220.
525 3329 564 3378 sq.
589 3313 725 3362 Drakenb.
747 3311 779 3360 aa
805 3312 899 3362 sirium
928 3316 986 3367 nan
1007 3315 1054 3374 ιιι,
1071 3313 1133 3378 lta.
1153 3322 1180 3366 u

182 3378 216 3428 ad
231 3380 294 3428 biv.
312 3379 352 3436 αθ,
373 3383 414 3430 30.
432 3396 457 3444 9.
483 3405 512 3416 -
532 3378 606 3429 Frsb.
626 3389 726 3448 transp.
734 3376 873 3450 fiduciam
892 3381 968 3433 Pori.

236 3446 278 3514 ¹7)
297 3449 397 3515 procul
414 3465 430 3498 u
450 3447 511 3515 rapu
528 3446 585 3501 lllz,
606 3450 639 3498 al.
1073 3460 1079 3466 “
