2686 3876
197 375 230 430 os
435 372 441 384 ¹
509 394 510 400 κ
557 370 592 436 o.
611 339 731 420 cunin
749 369 830 421 num
933 391 935 398 ·

164 534 231 581 ¹5ae
252 517 315 578 suis
346 516 442 598 opem
458 513 581 580 ‘serres
612 516 678 578 Sed
710 517 764 602 qui
790 517 1049 600 intemperantius
1076 515 1198 576 hanso*

195 609 276 668 rant,
298 597 471 675 intes-closo
493 611 507 656 s
531 597 606 658 iritu
629 599 774 658 exstincti
795 609 881 658 sunt:
907 598 1073 678 multoque
1087 598 1190 658 maior*

160 678 307 739 mhorum
327 617 571 757 numerosius,
594 700 688 772 ‹Juam
713 679 780 740 ullo
802 681 945 738 amiserat
964 677 1101 772 proelio.
1143 679 1186 736 At

195 759 252 818 ille
278 758 443 819 thoracem
471 757 573 819 adhuc
601 759 745 832 indutus,
773 779 832 819 nec
865 770 918 832 ant
945 756 1198 836 erhorol'eetuss

195 851 248 900 aut
268 851 357 919 potu,
383 859 445 921 qua
468 838 616 899 veniebat
637 839 812 916 exercitus,
835 838 990 900 consutis:
1027 856 1087 897 nec
1114 849 1187 897 aaste

195 918 235 978 ad
255 919 428 979 curandum
442 937 558 999 corpus
571 921 713 998 recessit,
729 941 821 1004 quam
840 919 1049 1000 praeterierat
1063 935 1188 1000 aginent

194 1010 359 1082 totamque
381 1017 449 1058 eam
470 1009 597 1060 noctem
618 1003 689 1060 c‘um
710 1021 822 1083 magno
843 999 936 1059 animi
960 1009 1049 1057 motu
1070 999 1198 1078 perpess·

164 1081 256 1140 sttuis
277 1079 390 1162 vigiliis
413 1079 487 1160 egit.
527 1080 594 1138 Nec
621 1092 752 1158 postero
782 1080 833 1140 die
862 1079 977 1140 laetior
1003 1089 1088 1150 erat,
1113 1077 1198 1160 quia·

194 1179 254 1221 nec
274 1159 397 1242 navigia
420 1157 568 1227 habebat,
589 1177 649 1219 nec
668 1181 747 1241 pons
777 1160 857 1241 erigi
883 1171 1030 1242 poterat,
1067 1158 1197 1218 circum*

196 1260 318 1300 amnem
337 1239 424 1300 nudo
446 1239 516 1299 solo
547 1249 579 1298 et
606 1241 735 1300 materia
762 1241 895 1300 mahime
918 1239 1029 1302 sterili.
1078 1239 1197 1296 Consi:

194 1319 272 1380 lium
299 1320 414 1402 igitur,
449 1317 536 1402 quod
562 1341 659 1379 unum
686 1319 857 1381 necessitas
894 1319 1089 1392 subiecerat,
1122 1319 1195 1378 init·

163 1399 557 1484 1aUnesquamplurim0s
587 1401 765 1460 stramentis
795 1399 935 1460 relertos
964 1399 1086 1460 dividit.
1128 1399 1197 1458 llis-

194 1480 379 1542 incubantes
408 1491 613 1540 transnavere
640 1501 777 1542 amnem:
806 1481 925 1573 quique
953 1479 1047 1560 primi
1075 1479 1189 1538 trausi-

194 1573 284 1622 erant
311 1561 343 1620 in
374 1559 518 1624 statione.
537 1571 641 1631 erant,
668 1559 742 1619 dum
763 1561 943 1620 traiicerent
964 1559 1073 1622 ceteri.
1114 1561 1195 1618 Hoc

193 1641 290 1702 modo
312 1651 402 1702 sexto
419 1639 546 1699 demum
562 1637 665 1700 disin
684 1640 839 1700 ulteriore
859 1639 929 1721 ripa
949 1650 1049 1700 totum
1068 1639 1197 1700 exerui-f

194 1731 263 1781 tum
284 1719 441 1801 exposuit.
1169 1727 1195 1760 '⁸

155 1807 195 1868 29
274 1806 403 1883 Iamque
426 1799 465 1861 ad
492 1799 750 1882 persequendum
779 1803 912 1860 Bessum
937 1799 1187 1880 statuerat'pro·

195 1881 297 1964 gredi,
319 1900 391 1940 cum
412 1879 563 1975 eajnquae
577 1880 609 1940 in
623 1879 787 1964 Sogdianis
802 1891 900 1949 erant,
923 1880 1095 1962 cognoscit.
1118 1881 1192 1962 Spu

196 1973 336 2022 tamenes
364 1973 434 2022 erat
463 1973 547 2021 mter
575 1980 683 2021 omnes
712 1961 830 2021 amicos
863 1963 1037 2100 praecipuo
1061 1961 1193 2022 honore·

162 2041 299 2102 eccultus
321 2044 469 2104 a”Besso.
520 2039 583 2100 Sed
614 2041 706 2100 nullis
730 2041 856 2128 &meritis
887 2040 969 2121 perii
992 2041 1021 2100 ia
1036 2058 1037 2064 ¹
1052 2041 1188 2124 mitigari

195 2132 320 2202 potest:
342 2137 424 2202 quae
443 2133 548 2180 tamen
573 2121 673 2180 minus
694 2121 793 2180 ineo
822 2121 921 2180 invisa
950 2141 1020 2180 esse
1047 2133 1186 2201 poterat,

197 2201 270 2284 quia
289 2200 366 2260 nihil
386 2200 442 2262 ulli
463 2199 620 2260 nefastum
643 2200 674 2260 in
694 2203 846 2274 Bessum,
874 2200 1116 2262 interfectorem
1137 2219 1190 2262 re*

196 2281 244 2363 gis
265 2281 324 2350 sui,
345 2279 522 2356 videbatur.
569 2279 692 2340 Titulus
723 2279 856 2340 facinori
878 2283 1039 2361 speciosus
1060 2281 1192 2363 praela»

195 2362 337 2432 rebatur,
357 2359 498 2422 vindicta
513 2359 620 2420 Darii:
644 2361 701 2420 sed
712 2359 883 2432 fortunam,
905 2381 967 2421 non
981 2363 1095 2439 scelus,
1113 2361 1187 2422 ode-

162 2453 246 2503 2uut
263 2441 363 2508 Bessi,
404 2442 548 2523 Namque
576 2451 612 2499 ut
633 2440 846 2502 Alexandrum
867 2439 985 2502 llumen
1008 2441 1114 2502 Oxum
1135 2437 1203 2500 suf

197 2542 326 2604 parasse
353 2521 512 2614 cognovit,
537 2520 773 2600 Dataphernem
794 2534 826 2582 et
848 2522 1008 2590 Calenam,
1031 2523 1143 2604 quihus
1169 2546 1186 2582 a

197 2605 297 2666 Besso
321 2623 452 2664 maxima
473 2599 551 2662 fides
571 2599 757 2672 habebatur,
780 2603 812 2662 in
825 2602 1007 2663 societatem
1032 2603 1189 2686 cogitatae¹

250 2861 291 2930 16)
308 2863 380 2912 Frsh.
400 2880 480 2934 quam
496 2865 709 2930 praeterierant,
730 2867 883 2934 quiagmen
896 2863 1080 2934 sequebantur
1089 2881 1100 2925 ,·
1118 2873 1185 2931 optt.

200 2929 290 2980 Codd.
308 2933 393 2992 omitt.
411 2931 609 3001 sequebantur,
631 2949 680 3000 pro
706 2949 760 3000 quo
784 2933 858 2984 Leid.
884 2935 962 2983 Voss.
987 2939 1011 2988 2.
1038 2931 1186 2996 ducebnnt;

198 2999 229 3047 F.
246 2999 297 3067 qui
315 3001 440 3050 ultimi
455 3017 510 3068 seq.
530 3017 636 3067 agmen,
653 3000 724 3051 unde
740 3003 857 3069 Zumptii
884 3003 911 3050 in
936 3001 1068 3052 hocloco
1087 3004 1190 3053 consti-r

197 3065 298 3118 tuendo
317 3068 426 3120 audacia
442 3068 603 3136 reprehendi
622 3069 715 3136 possit.

249 3135 292 3204 17)
313 3137 346 3186 al.
364 3137 441 3187 nullu
459 3137 549 3204 novig.
569 3163 601 3171 -
625 3136 659 3186 al.
677 3137 777 3188 etheum
798 3153 898 3206 unque,
918 3153 1034 3204 quocum
1053 3140 1190 3189 consentit

196 3203 252 3253 Pal.
266 3220 287 3260 ι,
300 3205 448 3256 omittendo
462 3223 574 3267 amnem·
591 3205 668 3257 Voss.
683 3221 706 3254 u.
720 3154 796 3255 salceid
807 3205 983 3256 stertit'lmmo
1001 3206 1100 3259 omisso
1110 3209 1170 3258 solo
1177 3224 1187 3273 5

197 3272 231 3321 al.
249 3271 318 3322 Edd.
337 3275 475 3336 cauteriare,
494 3274 529 3325 cl.
548 3288 628 3340 supra
650 3271 683 3322 ad
704 3290 728 3324 c.
747 3279 773 3337 3,
790 3271 812 3341 §.
830 3275 855 3324 8.

248 3345 293 3406 πο)
316 3357 366 3410 pro
385 3341 520 3412 nefastum
536 3341 591 3391 Pal.
614 3358 635 3390 1.
655 3339 742 3409 tiosos.
769 3371 802 3382 -
834 3339 910 3394 Frsh.
920 3339 1061 3410 facinoris
1078 3351 1105 3394 et
1124 3342 1188 3392 oden

197 3420 270 3459 rasit.
311 3451 312 3454 ,
894 3435 897 3440 ·

248 3484 293 3544 αι)
312 3474 392 3530 Frsh.
411 3493 481 3527 nam.
496 3504 527 3512 —
547 3476 619 3528 idem
634 3479 724 3538 omitt,
738 3476 878 3542 cogitatur
895 3484 990 3528 contm
1006 3485 1079 3546 ,optt
1097 3471 1189 3528 Cudda·
