2682 3872
487 973 530 1070 ρ,
571 941 746 1071 cuaru
781 946 907 1038 aeri

505 1081 508 1088 '
662 1143 722 1190 ,Π

526 1231 527 1235 ¹
614 1275 774 1330 GES'NS

152 1344 1304 1546 ιΑιΕΧΑΝοΒιΜΑοΝι·

470 1635 613 1712 'auen
639 1627 932 1727 uacanouuu'

573 1806 708 1866 mune
732 1805 805 1860 vus
935 1757 944 1778 ’

641 1935 757 1951 Μ

574 2031 829 2087 ARGUMENTUM.

274 2152 309 2222 (ι)
328 2151 478 2234 Alexander
496 2152 694 2234 dirisisueopiis
716 2155 833 2230 rebelles
857 2152 1039 2234 persequitur:
1064 2151 1196 2232 Spitame-

207 2235 255 2272 nes
284 2237 345 2270 cum
370 2221 491 2274 exulibus
512 2223 673 2285 Bactrianis,
698 2224 835 2292 assumptis
858 2238 885 2270 ru
908 2222 1033 2270 auxilium
1059 2217 1139 2269 Dahis
1169 2226 1196 2269 et

207 2288 370 2352 Massagetis,
391 2289 504 2338 Attieam
516 2290 689 2404 praelectum
707 2291 885 2342 Macedonum
910 2290 937 2338 iu
962 2288 1070 2338 insidias
1090 2286 1196 2356 perdu-
1240 2331 1242 2343 ,
1337 2279 1338 2310 ³

207 2361 280 2406 ctum
299 2354 469 2418 interficiunt,
486 2373 514 2407 se
551 2359 699 2410 aCratero
725 2358 882 2410 adventante
900 2357 1097 2424 opprimuntur.
1131 2356 1195 2405 Ale-

206 2423 309 2477 xander
334 2423 495 2474 Maracanda
521 2425 611 2490 redit,
641 2427 730 2493 ibique
755 2428 902 2493 legationes
929 2424 1084 2492 Scytharum
1111 2421 1195 2482 audit,

207 2489 435 2558 Phrataphernem
465 2507 554 2558 regem
584 2493 800 2545 Chorasmiorum
826 2495 853 2544 in
878 2493 959 2544 fidem
987 2493 1094 2560 accipit.
1129 2491 1196 2542 Inde

206 2557 314 2610 Bazaira
331 2559 519 2626 proficiscitur,
543 2558 581 2628 (a)
599 2561 644 2612 ubi
664 2559 690 2612 in
704 2564 822 2614 maximis
841 2563 943 2611 vivariis
961 2578 1021 2610 cum
1043 2568 1102 2610 totu
1120 2575 1195 2610 exer·

175 2641 178 2647 ’
208 2629 262 2679 citu
282 2635 407 2690 venatur,
433 2636 460 2677 et
483 2629 589 2678 leonem
614 2630 670 2697 ipse
692 2633 764 2680 solus
783 2629 900 2696 occidit,
924 2629 995 2694 quod
1022 2645 1055 2679 ne
1083 2626 1196 2695 posthac

207 2695 296 2751 lacere
312 2697 405 2768 possit,
424 2695 535 2746 decreto
554 2697 731 2748 Macedonum
752 2699 876 2751 sancitur.
915 2695 953 2764 (5)
973 2694 1132 2746 Maracanda
1152 2711 1195 2746 re·

207 2779 296 2814 versus
316 2765 415 2816 blitum
435 2764 558 2816 Artabazi
577 2767 627 2815 iam
651 2768 763 2816 senioris
783 2767 845 2817 loco
867 2765 1019 2833 provinciae
1042 2764 1195 2814 Bactrianae

114 2872 130 2882 ,
242 2833 407 2892 aeluturum,
432 2833 585 2900 priusquam
603 2833 766 2898 dimitteret,
790 2834 912 2886 sollemni
937 2833 1057 2884 convivio
1076 2831 1193 2885 adhibet.

207 2846 249 2950 hhi
267 2901 351 2950 multe
370 2899 403 2950 de
423 2917 451 2950 se
465 2902 593 2966 gloriatus
611 2901 727 2972 Philippi
746 2905 983 2970 rerumgestarum
1006 2901 1117 2966 gloriam
1137 2900 1194 2951 ele·

203 2974 259 3015 'vah
278 2965 317 3032 (4)
337 2967 442 3032 Quare
462 2970 577 3020 irritatus
595 2971 680 3024 Clitus
699 2987 752 3022 non
769 2972 852 3022 modo
870 2968 1015 3021 defendere
1034 2967 1195 3035 Philippum,

208 3032 257 3084 sed
276 3034 358 3101 ipsius
377 3037 456 3086 etiam
473 3037 616 3088 Alexandri
637 3040 702 3090 actis
721 3039 835 3090 illudere
848 3039 963 3104 coepit,
990 3034 1031 3102 (5)
1057 3052 1107 3087 nec
1131 3035 1196 3086 dum

207 3100 370 3154 abstrahitur
388 3105 532 3154 aconvivis
551 3106 657 3172 linguae
675 3109 771 3175 parcit,
789 3108 853 3174 quin
869 3107 947 3157 etiam
966 3113 1058 3172 aperta
1077 3105 1196 3155 convicia

208 3170 278 3223 iacit.
315 3169 413 3220 Exiluit
437 3171 587 3224 Alexander
610 3183 740 3242 raptaque
762 3177 874 3236 lancea,
897 3175 994 3223 frustra
1019 3173 1195 3224 retinentibus

208 3237 309 3299 amicis,
330 3238 356 3287 in
373 3238 532 3291 vestibulum
546 3243 682 3308 procurrit
699 3252 725 3294 et
743 3243 923 3310 egredientem
941 3241 1039 3292 Clitum
1058 3239 1194 3291 transfixit.

210 3305 251 3372 (6)
278 3305 371 3355 Subita
393 3307 559 3374 poenitentia
580 3311 699 3376 percitus
724 3312 866 3378 semetipse
890 3310 1043 3360 interimere
1070 3315 1194 3359 conatur.

209 3373 353 3443 prohibitis
371 3390 421 3442 per
438 3374 555 3424 triduum
573 3376 690 3429 inclusus
709 3387 735 3430 et
752 3378 787 3429 ad
803 3378 970 3430 moriendum
991 3377 1138 3426 obstinatus
1156 3376 1194 3426 ia·

211 3450 263 3503 eet,
286 3441 374 3493 donec
392 3443 489 3494 milites
507 3443 531 3491 vi
552 3443 730 3512 irrumpentes
747 3454 778 3496 ut
801 3447 887 3496 vivere
913 3446 976 3495 velit
996 3444 1121 3512 precibus
1146 3459 1193 3496 co·
1231 3471 1235 3478 ·
1280 3463 1285 3474 ·

211 3517 284 3575 gunt.
305 3508 345 3576 (7)
365 3509 479 3561 Dimisso
501 3509 695 3579 Hephaestione
722 3512 756 3564 ad
781 3520 955 3563 commeatum
980 3511 1144 3580 parandum,
1167 3519 1194 3562 st
