2686 3876
198 377 235 432 ao
272 355 279 373 ‘
561 371 596 442 o.
613 367 733 425 cuam
750 365 830 422 curt
887 391 889 398 ·

159 533 199 597 33
279 522 432 582 Ceterum
454 488 526 581 eum
547 519 649 580 animo
672 517 831 601 disparem
854 517 979 583 vultum
1004 517 1196 617 diutinam

203 600 292 661 ferre
319 623 383 663 non
404 611 533 682 posset,
563 600 595 660 in
622 599 862 672 tabernaculum
893 618 993 740 super
1021 619 1121 680 rapam

159 703 175 752 a
196 679 333 742 lluminis
354 681 393 742 de
415 681 566 749 industria
586 681 725 743 locatum
744 678 885 743 secessit.
913 681 927 737 l
950 679 961 740 i
981 681 1048 740 sine
1069 671 1219 738 arbitris

200 761 323 844 singula
344 761 437 821 animi
458 763 601 822 consulta
622 760 785 843 pensando
806 771 933 820 noctem
955 761 1071 842 vigiliis
1092 767 1200 819 extra·

197 841 252 916 xit,
278 862 373 923 saepe
390 841 532 922 pellibus
558 839 755 901 tabernaculi
781 839 939 915 allevatis,
967 853 1002 901 ut
1031 836 1197 920 conspice·

196 933 248 981 ret
268 921 404 982 hostium
426 922 526 1002 ignes,
547 941 565 982 e
587 922 700 1004 quibus
722 921 901 983 coniectare
921 933 1059 1002 poterat,
1080 925 1197 1004 quanta

159 1023 174 1068 a
197 1001 358 1064 homiuum
380 1003 552 1063 multitudo
575 1014 668 1062 esset.
694 1004 822 1084 lamque
843 1001 897 1060 lux
920 1001 1100 1084 appetebat,
1122 1017 1197 1060 cum

196 1081 362 1144 thoracem
397 1083 525 1143 indutus
553 1083 701 1163 procedit
730 1082 769 1142 ad
796 1082 927 1158 milites,
963 1095 1030 1142 tum
1057 1081 1197 1162 primum

157 1178 173 1225 s
195 1174 271 1244 post
293 1164 405 1224 vulnus
431 1161 577 1244 proxime
599 1175 775 1245 acceptum.
824 1165 922 1223 Tanta
944 1174 1012 1224 erat
1033 1161 1117 1243 apud
1138 1177 1196 1220 eos

195 1245 360 1305 veneratio
376 1243 491 1325 regis,
517 1253 554 1302 ut
582 1241 676 1302 l'acile
706 1242 858 1326 periculi,
892 1243 981 1326 quod
1008 1241 1195 1312 horrebant,

160 1323 420 1406 §cogitationem
440 1322 618 1404 praeseutia
643 1323 712 1384 cius
734 1333 910 1383 excuteret.
950 1323 1042 1384 Laeti
1062 1343 1140 1404 ergo
1163 1332 1197 1380 ct

195 1402 391 1463 manantibus
415 1401 531 1484 gaudio
554 1403 710 1478 lacrimis,
737 1403 933 1463 consalutant
954 1424 1027 1464 eum
1052 1415 1085 1464 et
1105 1401 1196 1486 quod

160 1494 268 1550 eante
290 1493 517 1548 recusaverant
541 1482 660 1544 hellum
688 1483 817 1544 feroces
848 1482 1037 1564 deposcunt.
1079 1485 1137 1544 Ille
1158 1502 1195 1542 se

196 1562 320 1623 ratibus
353 1563 496 1647 equitem
523 1563 778 1648 phalangemque
806 1574 1096 1646 transportaturum
1123 1582 1195 1624 esse

195 1643 398 1782 pronuntiem
436 1663 534 1724 super
559 1655 646 1705 utres
675 1643 764 1704 iubet
799 1664 875 1704 nare
910 1644 1012 1704 levius
1047 1655 1195 1708 armatos.

159 1739 175 1784 7
224 1724 292 1784 lura
316 1744 376 1784 nec
397 1723 460 1784 dici
482 1743 534 1783 res
556 1724 760 1798 desideravit,
780 1743 841 1785 nec
861 1744 920 1784 rex
936 1722 1044 1786 dicere
1057 1745 1118 1806 per
1141 1745 1196 1784 va·

106 1816 118 1876 '.
159 1804 368 1866 sletudinem
395 1804 509 1886 potuit.
561 1808 712 1868 Ceterum
745 1816 833 1866 tanta
866 1805 1027 1866 alacritate
1059 1805 1196 1865 militum

84 1899 86 1906 ’
195 1897 281 1946 rates
303 1885 428 1946 iunctae
448 1897 530 1962 sunt,
551 1898 586 1948 ut
606 1886 637 1946 in
657 1885 800 1947 triduum
820 1885 859 1946 ad
880 1887 938 1946 llll
952 1886 1035 1946 milia
1056 1885 1195 1949 effectae

197 1967 268 2027 sint.
311 1967 437 2049 lamque
458 1965 498 2026 ad
524 1968 751 2028 transeundum
775 1967 879 2028 omniu
899 1977 1101 2048 aptaverant,
1121 1985 1196 2026 cum

196 2046 294 2128 legati
318 2045 509 2127 Scytharum
528 2049 607 2117 XX,
635 2066 728 2108 more
778 2047 858 2106 entis
886 2067 947 2128 per
974 2058 1077 2108 castra
1101 2045 1195 2130 equis

196 2128 294 2201 vecti,
315 2126 460 2186 nuntiare
482 2125 594 2186 iubent
613 2125 700 2207 regi,
728 2069 812 2187 mille
841 2125 928 2207 ipsos
954 2126 1088 2188 adeum
1109 2147 1196 2187 man·

92 2211 102 2220 ”
159 2216 172 2258 9
197 2205 268 2266 data
290 2205 450 2287 perferre.
483 2205 622 2266 Admissi
643 2207 673 2265 in
694 2206 936 2267 tabernaculum
958 2207 1035 2269 iussi
1057 2228 1100 2269 ue
1121 2227 1197 2268 con·

198 2285 305 2346 sidere
330 2287 362 2345 in
390 2283 479 2344 vultu
504 2285 590 2367 regis
622 2284 797 2346 defixerant
824 2287 955 2360 oculos3
985 2229 1083 2350 credo
1113 2289 1196 2382 quis,

197 2365 413 2444 magnitudine
435 2365 582 2444 corporis
610 2366 746 2426 animum
767 2367 1022 2444 aestimantibus,
1047 2368 1193 2429 modicus

196 2443 321 2507 habitus
348 2444 591 2528 haudquaquam
617 2446 722 2507 famae
753 2467 811 2528 par
846 2446 1024 2513 videbatur.
1068 2446 1194 2527 Scythis

133 2521 142 2548 '
197 2539 302 2588 autem
331 2545 413 2600 non,
441 2536 478 2584 ut
506 2525 625 2586 ceteris
652 2525 813 2601 barbaris,
839 2526 927 2587 rudis
956 2539 989 2586 et
1017 2526 1200 2587 inconditus

160 2627 306 2670 assensus
328 2619 394 2670 est:
416 2603 542 2688 quidam
563 2625 675 2666 eorum
696 2607 881 2688 sapientiam
899 2619 1014 2686 capere
1036 2607 1195 2682 dicuntur,

160 2703 470 2771 uquantamcunque
506 2705 584 2770 gens
613 2687 697 2770 capit
733 2707 861 2770 semper
898 2698 1025 2750 armata.
1075 2687 1193 2772 Sisque

201 2815 388 2833 μ..-

235 2908 242 2914 ·
266 2908 275 2942 a
309 2894 385 2959 vulgo
405 2911 490 2965 supro
509 2895 561 2963 rip.

263 2966 278 3014 2
312 2963 399 3012 nsaima'
413 2963 568 3014 cornilio
585 2964 669 3022 Amsi.
709 3001 712 3009 ·

264 3029 279 3078 3
309 3028 382 3080 Frsh.
405 3031 454 3082 lux
471 3032 629 3100 apparebat.

262 3095 289 3163 5)
309 3096 381 3146 idem
397 3117 481 3168 prce
499 3100 613 3166 gaudio.
1202 3157 1206 3168 ,

213 3236 229 3287 8
261 3165 289 3234 8)
311 3163 381 3215 idem
411 3168 551 3230 novitiari,
582 3171 664 3240 prob.
689 3169 808 3224 Consors
841 3171 869 3222 in
905 3165 984 3222 sees.
1019 3168 1088 3227 Bibl.
1123 3167 1190 3224 Crit.

231 3250 246 3284 2
265 3269 272 3283 .
313 3275 318 3284 .
339 3245 381 3286 Ι’0.

197 3240 211 3292 l
249 3239 367 3363 8,sllthih
388 3320 406 3354 ι.
425 3302 455 3352 in
473 3303 590 3360 stultum.
617 3331 651 3344 -
677 3304 753 3356 Frsh.
776 3304 859 3355 credo
891 3304 976 3384 quia
1007 3311 1102 3357 contra
1121 3315 1190 3375 optt‚

196 3370 293 3435 Codd.;
312 3368 373 3420 Ald.
394 3371 483 3439 quea's.
515 3399 548 3410 -
578 3369 691 3423 habitus
711 3381 749 3425 est
768 3372 920 3425 emendatio
941 3371 1073 3437 Acidalii3
1102 3373 1190 3425 codd.

196 3440 320 3498 castiores,⁸
339 3440 416 3504 vulgo
438 3439 583 3503 abiectum,
602 3441 682 3491 etiam
702 3441 728 3490 in
746 3441 823 3495 Frsh.

152 3582 157 3587 θ
248 3511 291 3576 ιι)
309 3507 472 3559 Lunemauu.
492 3509 602 3573 corrigit
620 3507 686 3559 citra
703 3509 888 3560 necessitatem
903 3507 944 3558 sic
956 3509 1189 3578 quae‚‘e1plicaus

1328 894 1331 938 l
