2688 3872
358 399 403 453 DE
422 399 543 454 Gtssrls
561 393 663 454 ALEX.
683 399 760 483 ABG,
780 400 863 454 alna.
883 404 916 454 Χ.
993 481 996 488 ¹
1044 451 1049 478 ,-
1081 409 1134 480 *tot

110 594 114 603 .
142 551 351 606 Atheniensibus
370 547 550 615 decrevisset,
577 550 653 602 illum
682 552 788 602 iuterim
812 550 921 606 Athenis
945 552 1060 604 eiectum
1076 561 1104 605 et
1120 569 1156 617 a„

142 621 256 674 Graecis
277 619 419 683 militibus,
438 635 504 685 quos
522 618 649 672 mercede
671 619 851 686 conduxerat,
880 621 1049 673 interiectum
1068 638 1154 688 enge,

144 691 226 742 norit.
262 689 356 756 ltaque
376 686 451 738 bello
474 687 573 738 omisso
591 687 731 756 imperavit
747 697 852 753 tamen,
870 697 900 739 ut
917 691 1007 740 exules
1025 690 1052 740 in
1070 683 1143 742 civi-⁵
1172 692 1176 700 ’

69 771 72 780 ’
143 767 212 810 tates
229 773 289 809 suas
305 757 508 823 reciperentur,
525 757 570 808 cui
589 756 679 808 edicto
698 771 760 806 mam
777 759 861 808 ceteri
882 765 1026 826 parerent,
1048 758 1133 809 Allie-

143 829 250 880 nienses
276 823 488 893 refragabantur.
526 820 574 892 (8)
590 825 662 876 Susis
688 823 763 892 (vere
786 843 813 878 a.
835 843 862 878 ιι.
886 824 951 879 Chr.
979 836 1038 876 isat.
1058 831 1132 890 325.)

142 913 204 948 eum
221 896 317 946 stativa
334 891 445 942 haberet
462 907 510 942 rex
530 889 604 959 (nam
627 894 669 944 sie
692 891 806 944 viderur
829 909 893 944 enas
914 891 1040 944 Diodoro
1067 913 1133 944 nar·

143 981 221 1014 rasse
240 960 363 1020 Curtius,
381 959 462 1026 longe
480 959 563 1010 aliter
586 973 669 1031 atque
692 963 845 1026 Arrianus,
874 959 927 1031 qui
951 959 1133 1030 condemnem

144 1028 255 1102 Opimi
272 1029 379 1094 Tigrim
398 1023 525 1078 accidisse
543 1028 649 1148 tradita
667 1031 795 1082 maiorem
820 1037 926 1098 partem
943 1031 1038 1082 veteris
1057 1049 1132 1082 exer·

144 1101 214 1152 citus
240 1095 355 1162 dimisit,
392 1097 481 1148 soluto
511 1101 586 1164 prius
609 1099 628 1148 li
650 1093 794 1150 eralissime
817 1091 930 1148 militurn
955 1109 1017 1149 aere
1035 1094 1132 1150 alieno.

143 1167 185 1234 (9)
205 1165 259 1218 Sed
278 1183 340 1218 eum
356 1165 518 1216 Macedones
537 1167 674 1232 regentia
690 1169 753 1217 Asia
778 1182 916 1233 remanere
939 1168 1008 1217 'velle
1027 1159 1132 1218 intelle·

144 1238 251 1298 sissent,
269 1233 401 1285 seditione
420 1241 489 1296 orta,
505 1233 657 1286 missionem
678 1251 771 1285 omnes
789 1233 914 1284 obstinati
933 1234 1070 1302 postulare
1086 1235 1132 1302 ¹in·

144 1303 258 1371 cipiunl,
276 1319 327 1353 nee
346 1303 414 1368 regis
436 1299 619 1352 admonitione
636 1311 772 1354 mutantur
798 1301 935 1383 [lOJTum
954 1297 1133 1368 illegaliter

110 1417 112 1422 ,
144 1387 192 1426 eos
208 1370 339 1438 increpat,
358 1379 384 1422 et
404 1369 510 1421 deserto
528 1385 590 1435 rege
607 1382 655 1421 suo
668 1370 777 1421 domum
792 1369 883 1422 redire
903 1364 991 1423 iubet:
1011 1372 1134 1436 Asiaticis

144 1456 174 1492 se
193 1439 322 1489 militibus
340 1446 496 1506 contentum
515 1437 582 1488 iore.
611 1431 667 1507 (ιι)
686 1441 752 1490 Cum
775 1458 806 1490 ue
826 1430 975 1490 desiluisse!
994 1438 1028 1490 de
1046 1440 1134 1490 tribu-r

144 1507 208 1571 nali,
228 1507 408 1557 concitatores
424 1507 527 1572 aliquos
550 1521 630 1556 manu
652 1457 861 1576 comprddsensos
887 1507 1015 1572 abducit,
1037 1508 1133 1558 ceteris

145 1575 324 1627 admiratione
351 1591 383 1624 ac
409 1573 504 1623 dolore
528 1576 718 1642 torpentibusp
734 1593 785 1627 nec
809 1577 974 1643 poenitentia
999 1577 1134 1628 exercitus

144 1652 277 1696 movetur.
296 1641 369 1710 ·(1a)
390 1641 462 1707 Quin
479 1641 558 1690 etiam
574 1644 752 1694 Asiaticorum
769 1645 883 1694 militum
903 1646 1035 1709 concione
1052 1643 1134 1708 adyo-

145 1720 215 1776 cata,
234 1728 328 1763 eorum
346 1727 374 1761 se
388 1707 499 1778 posthae
516 1724 598 1777 opera
609 1722 717 1760 usurum
727 1711 801 1775 dicit,
821 1728 929 1778 quosne
939 1713 1014 1762 initio
1024 1712 1136 1778 quidem
1193 1745 1195 1750 ·

144 1796 284 1834 serrorum
299 1777 346 1830 sed
365 1779 461 1830 ciuium
481 1779 544 1827 loco
564 1775 695 1828 habuerit.
728 1779 785 1846 (13)
805 1780 866 1844 Quo
885 1778 956 1830 lusto
973 1779 1137 1831 Macedones

144 1856 295 1900 maerentes
312 1855 386 1898 totos
404 1863 432 1896 se
450 1845 506 1912 regi
524 1843 625 1895 dedunt
648 1847 800 1912 puniendos
820 1844 954 1914 uteunque
973 1848 1044 1898 velit.
1081 1842 1139 1912 Sed

145 1917 263 1968 maxima
282 1915 345 1967 bine
363 1914 462 1964 ὶιιειιιιιι
480 1925 522 1962 est
550 1911 748 1980 elegantissimi
772 1916 878 1984 operis,
911 1931 991 1984 quiam
1017 1913 1138 1966 collectis

145 1985 285 2046 omnibus,
311 2001 380 2054 qnae
398 1978 476 2050 apud
499 1980 621 2051 reliquos
645 1993 792 2044 auctores,
820 1983 952 2051 imprimis
967 1983 1137 2045 'Ar-minium,

144 2051 317 2114 Diodorum,
335 2049 531 2113 Plutarchum,
559 2050 703 2116 leguntur,
734 2053 839 2102 sarcire
864 2062 980 2101 conatus
1006 2061 1047 2100 est
1065 2049 1134 2102 idem
1186 2103 1188 2108 ,

144 2122 359 2181 Freinshemius,
382 2117 460 2172 docte
478 2115 586 2188 parilem
603 2116 709 2180 barela,
734 2118 784 2170 sed
810 2121 852 2178 ita
870 2131 901 2170 nt
914 2118 1003 2188 facr‘le
1022 2121 1137 2184 aerarias,-

145 2201 279 2272 quantnm
301 2191 375 2240 inter
398 2199 515 2238 veterem
542 2186 724 2256 eloquentiam
749 2201 775 2239 et
800 2199 926 2240 nostram
953 2186 1135 2250 eruditionem
1203 2191 1205 2200 ’

145 2261 258 2310 nssersit
276 2257 432 2309 discrimen.
485 2275 488 2282 ’
536 2317 538 2322 Ι
630 2317 633 2323 Δ
1010 2319 1012 2323 ,

174 2341 176 2346 ’
213 2325 272 2396 (ι4)
287 2326 438 2379 Alexander
455 2326 537 2376 morti
554 2327 695 2395 prosimus
715 2341 730 2376 a
748 2334 807 2377 loto
833 2329 971 2393 exercitu,
993 2327 1059 2378 dum
1078 2330 1132 2380 sin·

144 2397 199 2462 guli
217 2399 328 2461 milites,
346 2397 469 2446 ultimum
493 2396 567 2445 illum
589 2393 683 2457 visuri,
708 2404 881 2463 praetereunt
901 2399 1017 2461 lectum,
1034 2414 1136 2466 ‘persa-j

144 2463 254 2528 lutatur,
272 2481 322 2516 nee
339 2467 424 2515 multo
443 2473 505 2532 post
523 2465 706 2530 exstinguitur.
726 2461 879 2529 (andecimo
894 2464 937 2515 dre
949 2467 1044 2514 meanis
1062 2467 1137 2518 Ιιιιιιῖ
1178 2503 1193 2521 -.

145 2548 173 2582 as
192 2549 217 2587 a,
235 2531 300 2583 Cirr.
318 2545 375 2584 nat.
393 2537 454 2593 323,
473 2549 533 2582 enm
547 2533 659 2582 vixisset
677 2537 816 2596 aruros82,
831 2547 1014 2595 merleisuein,
1030 2534 1134 2603 Olymp.

146 2600 207 2659 m,
225 2606 250 2648 Ι.
273 2612 343 2650 extr.
361 2600 498 2651 Arelioate
514 2600 641 2667 Hegesia)
676 2597 729 2664 (15.
752 2598 803 2665 16.)
833 2601 946 2661 Summo¹
967 2616 1088 2652 maerore
1108 2605 1136 2653 ei

146 2665 308 2734 Macedones
326 2677 352 2717 et
369 2669 465 2716 Persae
484 2668 644 2729 affliguntur,
659 2661 737 2714 simul
757 2681 831 2727 eura,
847 2667 911 2732 quid
928 2665 1026 2732 deinde
1042 2662 1075 2718 sit
1094 2671 1135 2719 lu-

146 2741 245 2783 turum.
279 2732 335 2800 (17)
361 2734 492 2800 Imprimis
521 2733 695 2798 Sisygambis,
725 2734 798 2784 Darii
822 2743 922 2797 mater,
952 2751 1043 2786 cassim
1065 2737 1135 2790 hunc

148 2803 264 2868 graviter
281 2803 342 2866 lert,
361 2818 392 2851 ae
410 2801 586 2850 voluntariam
605 2809 720 2852 mortem
735 2801 805 2858 obit.
827 2798 884 2870 (18)
901 2802 1003 2854 Auctor
1021 2805 1135 2856 Alexan-

148 2867 195 2919 dri
209 2867 319 2922 virtuies
346 2869 428 2940 ipsius
452 2871 562 2918 naturae
589 2869 725 2937 proprias,
747 2869 809 2919 vitia
828 2869 952 2920 l'ortume
976 2873 1018 2921 vel
1045 2877 1136 2926 aetatis
1179 2894 1183 2904 ¹
1249 2893 1252 2900 ·

150 2938 232 2989 luisse
252 2939 371 3007 exponit.

215 3025 272 3096 (19)
305 3027 474 3080 Convocatos
499 3021 600 3094 duces,
625 3023 750 3080 affluente
774 3031 854 3094 etiam
875 3031 1046 3082 multitudine
1066 3034 1136 3081 mili·

146 3106 215 3162 lum,
233 3093 560 3164 Perdiccasspraefietns
584 3101 704 3168 equitnm
722 3099 867 3151 amicorum
895 3099 950 3148 sire
973 3099 1137 3150 Illacedoai·

147 3163 254 3236 corum)
275 3164 398 3230 consulit,
417 3181 499 3232 qrsem
524 3165 632 3218 interim
649 3165 711 3216 dum
738 3166 882 3216 Alexandri
909 3171 1028 3235 speratus
1054 3169 1136 3218 ella-

147 3251 214 3286 xaue
232 3233 302 3285 lilius
321 3231 482 3298 adoleverit,
498 3235 589 3286 rebus
608 3251 733 3304 praeesse
752 3235 842 3284 velint.
865 3230 921 3303 (ao)
942 3237 998 3304 ,Pro
1021 3245 1138 3284 ‹iniintar

149 3302 269 3354 diversae
286 3303 452 3367 sententiae,
476 3302 607 3366 Nearchi,
626 3307 655 3354 nt
673 3302 816 3354 Alexandri
839 3320 854 3353 e
872 3304 977 3353 Barsine
1000 3253 1137 3370 {Memm-

149 3371 194 3420 nis
211 3367 314 3423 Rhodii·
332 3368 439 3430 vidua,
464 3363 544 3439 apud
563 3371 726 3423 Damascum
750 3377 847 3438 capia,
871 3365 929 3421 vid.
949 3365 1027 3421 Curi.
1046 3370 1093 3420 tto.
1111 3377 1136 3426 3.

149 3438 233 3504 eser.)
262 3441 332 3492 lilius
349 3439 477 3491 Hercules
503 3453 551 3491 ren
568 3439 916 3502 declaretuml'mlemaet,
941 3441 970 3487 nt
992 3441 1137 3490 concilium

147 3507 301 3575 principum
317 3509 437 3558 virorum
453 3510 530 3576 quasi
547 3511 647 3559 mortui*
665 3511 734 3575 regis
747 3509 858 3557 nomine
878 3507 1070 3574 rempublicam
1091 3510 1137 3559 ad'-

185 3597 300 3649 Curlius.
318 3599 364 3649 ltl.
876 3638 878 3642 .
904 3605 933 3654 ll
