2688 3872
151 311 158 392 ’,
218 349 265 400 130
504 407 508 414 ι
574 343 607 420 ρ.
631 342 747 392 cunin
766 340 842 390 nuri
885 409 922 418 Η

214 492 332 562 venire,
355 509 412 550 nec
430 487 566 570 tempori
588 509 704 549 rernm.
734 489 812 550 Esse
838 509 855 549 e
877 487 1007 550 Barsine
1029 486 1126 550 filium
1149 509 1202 564 re-

182 579 273 653 tegis:
296 571 367 630 hnic
389 569 530 630 diadema
552 569 695 628 dandum.
733 569 818 630 Nulli
839 565 983 650 placebat
1003 567 1116 632 oratio.
1138 571 1200 628 lta-

212 672 274 734 que
295 673 352 710 suo
374 670 463 710 more
484 647 579 708 hastis
600 662 689 710 senta
716 649 891 731 quatientes
911 648 1101 731 obstrepere
1124 643 1199 728 per·

213 730 407 810 severabant.
431 731 558 811 lamque
586 750 687 811 prope
710 729 748 789 ad
769 729 955 790 seditionem
977 743 1201 809 pervenerant,

179 809 356 879 rsNearclro
384 809 580 891 pervicacius
605 822 714 870 tuente
743 810 938 869 sententiam.
980 813 1062 869 'l'um
1089 809 1201 868 Ptole-

212 912 328 966 maeus,
350 893 451 971 Digna
476 911 606 969 prorsus
629 901 677 948 est
699 887 837 966 suboles,
858 888 969 972 inquit,
993 910 1073 982 quae
1097 891 1220 956 Mace„

213 969 328 1031 donum
363 972 500 1050 imperet
529 970 630 1052 genti,
665 971 810 1029 Roxanes
846 969 896 1030 rel
926 965 1080 1030 Barsinae
1101 967 1199 1032 filins!

213 1052 300 1111 cuius
323 1066 436 1112 nomen
458 1069 587 1133 quoque
608 1051 771 1132 Europam
792 1049 901 1124 ‹lie-ere
922 1049 1060 1142 pigebit,
1080 1049 1199 1108 maiore

179 1145 360 1214 inexperte
382 1131 505 1211 captivi.
545 1131 603 1188 Est
627 1150 684 1189 cur
708 1131 818 1189 Persas
843 1130 1027 1205 vicernnus,
1048 1141 1083 1189 ut
1105 1129 1199 1210 stirpi

212 1233 322 1272 eorum
343 1209 530 1280 serviamus!
554 1211 641 1294 quod
662 1211 735 1270 iusti
755 1210 800 1268 illi
823 1231 916 1291 reges
932 1210 1048 1270 Darius
1071 1223 1103 1280 et
1119 1211 1200 1270 Xer-

210 1313 264 1352 xes
285 1304 332 1352 tot
360 1291 478 1350 milium
505 1289 676 1371 agminibus
707 1289 863 1373 tantisque
890 1288 1040 1364 classibus
1070 1289 1201 1372 nequic-

178 1393 303 1454 a5qnam
331 1371 521 1452 petiverunt.
564 1371 634 1429 Mea
661 1371 814 1430 sententia
838 1369 916 1430 haec
942 1373 1010 1447 vest,
1033 1381 1090 1443 ut,
1122 1369 1199 1430 sede

212 1451 382 1512 Alexandri
402 1450 433 1510 in
453 1450 541 1534 regia
565 1449 676 1530 posita,
698 1449 752 1535 qui
768 1449 905 1511 consiliis
921 1449 987 1514 eius
1009 1447 1197 1509 adhibeban-

211 1543 274 1604 tur,
297 1536 418 1598 co‘eant,
440 1529 564 1614 quotics
586 1530 798 1591 incommune
820 1530 964 1590 consulto
986 1528 1066 1609 opus
1081 1529 1197 1590 fuerit:

211 1632 334 1694 eoque,
362 1610 449 1694 quod
479 1610 579 1672 maior
611 1609 683 1690 pars
718 1630 829 1671 eornm
858 1609 1053 1678 decreverit,
1083 1621 1199 1686 stetur,

181 1691 306 1753 'eluces
328 1691 545 1773 praefectique
568 1689 729 1770 copiarum
755 1689 803 1750 his
831 1701 969 1771 pareant.
1010 1690 1195 1756 Ptolemaeo

211 1771 354 1854 quidam,
392 1773 558 1852 paticiores
594 1771 767 1832 Perdiccae
802 1769 1061 1830 assentiebantur.
1115 1773 1198 1840 Tum

210 1853 376 1914 Aristonus
407 1873 497 1912 orsus
531 1864 579 1912 cst
611 1851 734 1926 dicere,
770 1849 982 1910 Alexandrum
1010 1849 1197 1928 consultum,

211 1934 262 1994 cni
283 1931 478 2016 relinqueret
499 1953 640 2013 regnum,
663 1931 799 1992 voluisse
822 1931 976 2011 optimum
998 1929 1104 2011 deligi.
1148 1931 1197 1990 Iu-

210 2013 348 2074 dicatnm
372 2025 477 2073 autem
497 2013 535 2073 ab
556 2013 625 2094 ipso
648 2012 802 2093 optimum
826 2011 1028 2079 Perdiccam,
1050 2009 1102 2070 oui
1123 2032 1197 2070 anu·

178 2095 274 2154 ulum
303 2094 493 2154 tradidisset.
547 2095 662 2188 Neque
699 2093 781 2152 enim
813 2113 908 2152 unum
943 2111 1015 2150 cum
1043 2089 1195 2151 assedisse

209 2175 373 2246 morienti,
394 2175 451 2233 sed
472 2173 751 2232 circumlerentem
775 2173 884 2232 oculos
907 2191 945 2230 ex
968 2169 1061 2230 turba
1082 2171 1197 2231 amico·

146 2274 150 2284 ·
209 2275 279 2312 rum
300 2254 467 2324 delerrisse,
489 2253 539 2312 cui
560 2253 712 2314 traderet.
755 2253 888 2312 Placere
908 2251 1020 2332 igitur,
1042 2269 1193 2310 summam

178 2333 333 2411 ttimperii
355 2299 394 2390 ad
415 2331 603 2404 Perdiccam
624 2330 753 2390 deferri.
794 2334 860 2390 Nec
888 2330 1092 2406 dubitavere,
1122 2331 1196 2423 quin

208 2434 283 2472 vera
306 2423 460 2474 censeret.
503 2411 612 2492 ltaque
640 2410 779 2490 universi
801 2410 978 2492 procedere
1007 2411 1038 2471 in
1058 2410 1196 2471 medium

208 2493 392 2553 Perdiccam
414 2503 446 2551 et
466 2491 551 2571 regis
573 2489 697 2549 anulum
725 2490 841 2550 tollere
870 2489 1028 2550 iubebant.
1075 2493 1196 2550 Haere-

208 2573 261 2634 bat
281 2574 364 2634 inter
387 2571 591 2653 cupiditatem
610 2568 848 2656 pudoremque,
880 2583 912 2632 et
933 2593 997 2665 quo
1020 2572 1194 2632 modestius

210 2654 297 2736 quod
335 2651 538 2735 exspectabat
572 2661 755 2731 appeteret,
796 2652 992 2735 pervicacius
1033 2651 1195 2713 oblaturos
1272 2690 1273 2694 =

233 2789 401 2802 ...α-ι-υ-

263 2888 397 2956 rr)Prsl1.
417 2899 442 2940 ct
461 2889 595 2942 Solimied.
614 2895 681 2942 male
706 2901 732 2942 et
750 2900 842 2943 contra
867 2901 969 2942 auctor.
994 2889 1081 2942 Codd.
1106 2908 1189 2958 prope

211 2957 335 3008 sedition.
355 2959 451 3008 omisso
472 2957 528 3020 ocl,·
546 2961 580 3010 cl'.
598 2977 676 3030 supra
697 2961 755 3024 Vll,
773 2960 799 3024 l,
819 2976 859 3008 aa.
881 2985 913 2994 -
939 2963 973 3010 al.
990 2971 1158 3028 peruenerat.

264 3026 303 3090 13)
328 3026 394 3074 Edd.
415 3036 474 3077 vett.
495 3029 524 3077 in
542 3027 665 3098 Europe.

263 3091 304 3158 tl)
324 3094 396 3143 Frslr.
422 3113 483 3145 cum
514 3097 599 3161 vnlgg.
627 3115 676 3146 cur
699 3099 755 3146 sine
785 3107 844 3156 est,
869 3095 942 3162 qnod
972 3095 1041 3145 unde
1070 3098 1192 3145 sumserit

209 3164 355 3229 Zumptins‚
375 3163 436 3211 milii
448 3164 555 3230 quidem
575 3181 627 3214 nnn
647 3167 780 3232 liquet-
798 3165 947 3214 militum
965 3166 1064 3225 agraria.
1080 3165 1155 3212 Voss.
1166 3181 1190 3214 a.

263 3229 303 3298 15)
322 3247 371 3300 pre
389 3234 545 3298 pauciores,
564 3249 631 3297 quae
650 3243 689 3284 cst
711 3233 797 3283 Codd.
824 3235 923 3294 lectio,
943 3232 1017 3282 Prslr.
1040 3249 1099 3282 cnm
1120 3234 1190 3298 vulg.

209 3302 341 3368 potiores,
361 3301 440 3366 idque
459 3319 488 3350 ex
506 3300 575 3350 cirni-
976 3343 981 3350 .

264 3367 303 3433 18)
324 3384 371 3434 pro
391 3369 559 3435 erspectnlrnt
580 3370 699 3437 plerique
718 3378 742 3418 rt
765 3377 831 3436 optt.
852 3367 938 3416 Codd.
959 3364 1099 3432 impetebat
1107 3385 1117 3426 ,·
1134 3368 1188 3420 Pal,

214 3455 234 3484 i.
254 3454 302 3504 pro
321 3449 453 3504 appeteret
472 3436 553 3487 habet
571 3449 702 3506 expeteret
712 3456 722 3498 ,·
750 3439 826 3502 vulgo
846 3436 996 3504 appetebat,
1015 3446 1189 3502 erspectaret.
