2688 3872
433 414 476 464 nn
496 409 618 462 cestus
636 406 736 460 nter.
754 413 789 474 x,
809 417 849 467 aa.
1091 415 1136 466 191

152 563 254 623 decim
278 562 403 623 om'ninc
432 557 540 639 pueris
568 557 675 634 regiae
703 557 840 616 cohortis
862 562 1029 622 comitatus
1050 562 1080 620 in
1102 561 1136 619 li-

150 645 233 702 mine
256 642 368 701 domus
396 659 470 697 suae
492 639 641 710 constitit,
662 638 909 719 castigatosque,
932 656 964 701 et
985 642 1137 724 Meleagri

148 723 303 802 mancipia
323 717 494 778 identidem
516 717 684 798 appellans,
706 717 750 776 sic
771 717 862 776 animi
878 721 1048 804 vultusque
1064 744 1139 784 cou-

142 804 262 863 stantia
283 798 409 873 terruit,
424 811 465 857 'ut
486 797 538 855 vix
558 797 668 856 mentis
692 809 855 876 compotes
877 797 1033 881 lugerent.
1055 805 1137 864 Per·
1162 827 1176 868 t

150 883 238 943 dieca
260 899 378 960 pueros
401 883 505 960 'equos
526 877 615 936 iussit
637 877 861 945 conscendere,
887 891 918 938 ct
935 902 1004 939 etun
1028 871 1135 963 parteis

148 965 320 1024 anticorum
343 959 380 1018 ad
405 961 597 1018 Leonnatum
621 957 776 1037 pervenit,
802 958 863 1016 ium
884 958 1024 1021 lirmicrc
1046 955 1136 1044 prae·

139 1042 229 1101 ¹sidio
251 1041 313 1099 rim
337 1039 589 1119 propulsaturum,
611 1039 636 1097 si
657 1037 725 1118 quis
747 1037 889 1098 inl'erret.
930 1041 1064 1100 Postera
1086 1044 1136 1102 die
1161 1078 1174 1121 5

142 1121 274 1198 indigna
308 1141 360 1179 res
397 1119 619 1179 Macedonibus
651 1117 836 1187 videbatur,
878 1121 1065 1181 Perdiccam
1098 1123 1137 1182 ad

148 1200 259 1260 mortis
283 1199 460 1282 periculum
484 1199 672 1271 adductum,
700 1210 732 1257 ct
752 1200 906 1282 Meleagri
926 1202 1137 1261 temeritatem

150 1282 242 1340 armis
280 1282 380 1341 ultum
412 1281 459 1339 ire
493 1279 707 1340 decreverant.
766 1282 871 1362 Atque
899 1280 952 1340 ille
982 1281 1136 1341 seditione
1161 1311 1176 1355 5

102 1383 103 1388 ¹
148 1362 293 1444 provisa,
325 1382 396 1421 eum
417 1363 537 1442 regem
553 1359 686 1434 adisset,
708 1360 906 1442 interrogare
928 1381 999 1422 eum
1021 1363 1137 1442 (eoepit,

149 1463 187 1502 an
210 1443 397 1502 Perdiccam
418 1439 644 1520 comprehendi
665 1441 732 1521 ipse
755 1440 903 1500 iussisset.
943 1442 999 1503 llle
1021 1441 1137 1502 Melea·

149 1522 199 1601 gri
218 1523 365 1581 instinctu
383 1525 419 1580 'se
440 1520 566 1581 iussisse
579 1519 761 1601 respondit:
786 1534 924 1582 ceterum
939 1544 1000 1584 uon
1016 1522 1135 1583 debere

148 1600 332 1662 tumultuari
353 1621 419 1674 ecc,
440 1601 626 1660 Perdiccam
649 1602 728 1660 euim
754 1601 883 1662 viveres

137 1699 139 1704 ·
171 1697 177 1712 ·
226 1683 326 1764 Igitur
344 1679 498 1740 'concione
513 1679 637 1738 dimissa
653 1682 822 1762 Meleager,
847 1683 988 1763 equitum
1002 1684 1175 1763 maximepq

9 1805 10 1826 t
81 1795 83 1800 s
148 1762 329 1824 delectione
352 1758 567 1840 perterritus,
601 1759 756 1842 inopsque
782 1763 921 1854 consilii,
950 1765 1083 1845 (quippe
1104 1765 1135 1823 in
1194 1822 1198 1830 ,

148 1845 250 1923 ipsum
273 1839 453 1922 pericnlum
474 1839 648 1915 reciderat,
678 1840 764 1922 quod
792 1842 918 1901 mimico
947 1845 1042 1922 paulo
1064 1857 1135 1903 aute
1164 1879 1171 1900 t

148 1923 353 1988 intenderat]
385 1919 522 1978 triduum
555 1920 625 1978 fere
659 1921 829 1980 consumsit
861 1922 980 1981 incerta
1009 1924 1135 1984 consilia

148 2002 317 2062 volvendo.
359 2002 401 2058 Et
429 1999 571 2080 pristina¹
589 1999 716 2082 quidem
748 2001 855 2083 regiae
882 2005 1004 2081 species
1032 2025 1135 2063 maue-
1159 2029 1172 2068 a

149 2081 218 2140 bat:
241 2087 311 2140 nam
333 2091 365 2139 et
385 2079 480 2162 legati
502 2079 640 2160 gentium
668 2101 777 2159 regem
800 2078 942 2160 adibant,
978 2094 1009 2142 et
1031 2085 1134 2164 copia·

148 2169 218 2221 rum
245 2162 342 2221 duces
362 2161 502 2230 aderant,
524 2170 556 2218 et
576 2159 767 2219 vestibulum
791 2161 942 2222 'satellites
963 2164 1082 2223 armatii
1095 2184 1135 2224 uc

149 2243 398 2323 compleverant.
440 2237 504 2298 Sed
535 2239 643 2321 ingens
672 2261 726 2300 sua
753 2251 865 2321 sponte
892 2243 1042 2304 maestitia
1063 2246 1136 2304 uu-
1161 2267 1173 2306 ,t

138 2335 217 2383 'mac
249 2319 477 2403 desperationis
505 2307 598 2380 index
631 2333 716 2391 crat,
750 2335 812 2381 'sus
839 2322 965 2406 ectiquc
999 2325 1134 2386 invicem

146 2421 210 2460 uon
231 2404 316 2464 adire
337 2402 481 2496 propius,
501 2422 563 2462 non
582 2401 723 2485 colloqui
738 2343 901 2478 andellam,
923 2418 1062 2465 secretas
1082 2425 1134 2466 cc-

137 2481 316 2562 'gitationes
339 2494 420 2543 mtra
442 2502 476 2542 sc
497 2503 624 2619 quoque
645 2484 814 2554 volvente,
843 2495 875 2542 et
905 2505 944 2542 ex
973 2504 1135 2564 compara·

147 2561 234 2620 tione
269 2563 354 2642 regis
384 2563 459 2622 novi
486 2561 678 2620 desiterium
705 2559 900 2621 excitabatur
921 2564 1032 2622 amissi.
1073 2563 1172 2623 Ubiis

137 2640 202 2700 tlte
231 2653 328 2709 esset,
361 2643 448 2699 cuius
479 2639 665 2718 imperium,
704 2640 793 2700 euius
828 2640 1000 2720 auspicium
1034 2645 1134 2704 secuti

147 2809 347 2843 Nmun-u·

215 2944 242 3000 dl
261 2945 334 2994 Mod.
353 2946 488 3013 [legerint.

138 3019 139 3022 ’
215 3013 242 3080 ί.)
262 3019 329 3080 uptt.
350 3015 436 3064 tludtl.
466 3016 579 3082 pueris,
597 3016 625 3068 P.
653 3015 756 3074 tussim
785 3014 818 3065 de
843 3016 1040 3066 constructione
1059 3016 1130 3068 verbi

149 3082 240 3132 iubere
259 3098 318 3131 cum
337 3086 425 3134 dativo
443 3085 476 3134 cl.
496 3085 592 3134 Clarkc
612 3084 644 3132 ad
665 3083 768 3132 Cacsar.
789 3084 817 3132 B.
836 3085 866 3133 C.
884 3085 929 3148 Ill,
946 3085 987 3139 98.

215 3151 241 3218 5)
260 3151 334 3202 Frslt.
356 3161 451 3203 contra
470 3154 541 3202 mell.
561 3151 646 3201 Cudd.
662 3163 784 3219 postero,

213 3219 240 3288 6)
259 3221 338 3286 vulgo
367 3221 411 3270 illi
436 3237 495 3270 cum
523 3235 610 3286 regem
637 3220 756 3270 tulissent
786 3221 836 3269 int.
869 3235 926 3269 eum
953 3237 1069 3290 coepere.
1098 3255 1131 3266 .-

148 3289 225 3344 Voss.
250 3305 274 3338 2.
293 3287 378 3339 umitt.
399 3307 426 3337 se
443 3297 503 3339 unte
520 3290 640 3340 iussisse.

114 3393 120 3402 -
151 3385 152 3389 =
213 3357 241 3424 9)
260 3366 325 3426 cptt.
346 3357 430 3408 (laud.
449 3368 567 3408 secaretur
586 3359 778 3422 cogitationis.
802 3359 866 3408 Mer.
890 3367 994 3408 secretu
1024 3360 1130 3426 cogita·

150 3428 242 3476 tionis.
261 3455 286 3464 —
311 3420 427 3477 Theocr.
446 3437 544 3475 secrete
562 3427 750 3493 cogitutr'oner.
781 3451 813 3462 ·-
847 3423 970 3476 volvente
996 3435 1035 3478 cst
1060 3431 1128 3480 cuni.

147 3495 271 3559 acutuli,
292 3496 378 3546 Codd.
399 3504 426 3546 et
446 3497 529 3562 rulgg.
550 3511 609 3546 cum
631 3493 704 3546 l‘rslt.
722 3494 869 3546 volventes.
1207 3490 1218 3502 '
