2688 3872
438 391 483 444 oe
501 391 625 444 cssrts
641 392 745 454 snex,
763 397 807 460 x,
834 411 858 461 7.
964 361 965 370 Ν
1105 401 1155 456 roc

160 535 216 598 llis
245 538 346 600 laetus
373 540 405 600 in
437 541 600 622 Europam
633 535 814 602 traiiciendi
837 544 1002 604 consilium
1031 543 1189 616 omisitrl

159 618 216 679 sed
236 619 377 693 exsules,
398 631 529 700 praeter
548 623 623 700 eos,
654 621 710 705 qui
738 613 824 682 civili
846 623 1002 718 *sanguine
1030 617 1152 705 aspersi

58 731 61 740 .
160 709 258 777 erant,
277 699 379 782 recipi
402 699 451 759 ab·
465 701 618 762 omnibus
633 701 833 763 Graecorum
859 703 1056 774 civitatibus,
1080 705 1150 799 quis
1202 767 1205 774 ,

158 780 242 862 pulsi
270 791 375 857 erant,
403 779 504 843 ius‘sit.
525 784 588 842 ·Et
615 781 750 858 Graeci,
777 781 863 842 haud
889 783 956 842 ausi
982 783 1150 866 imperium
1178 810 1205 852 5'

159 860 341 942 aspernari,
368 880 558 943 quamquam
592 862 815 924 solvendarum
842 862 949 944 legum
979 863 1011 922 id
1035 865 1153 944 princi-

157 941 246 1022 pium
266 941 336 1000 es'se
361 940 544 1020 censebant,
574 943 657 1004 bona
682 955 830 1026 quoque,
865 963 946 1028 quae
980 941 1163 1014 exstarent,¹

157 1021 331 1082 restituere
352 1021 514 1082 damnatis·
542 1023 610 1084 Soli
631 1021 849 1097 Athenienses,
876 1042 940 1083 non
960 1043 1036 1084 suae
1055 1026 1152 1088 modo
1174 1047 1190 1090 o

159 1101 217 1161 sed
238 1100 330 1160 etiam
345 1101 492 1183 publicae
505 1099 825 1181 vindices'libertatis,
840 1103 1054 1164 colluvionem
1068 1104 1164 1164 ordi··

158 1191 235 1240 nu'm
254 1180 415 1244 hominum
435 1182 511 1266 quia
532 1204 627 1267 aegre
649 1183 808 1253 forebant,
830 1179 893 1244 no'n
907 1183 1000 1266 regio
1015 1183 1152 1276 imperio
1197 1213 1200 1220 ¹

158 1259 216 1324 sed
236 1261 359 1324 teribus
373 1264 589 1360 moribusque
613 1264 723 1346 patriis
746 1265 817 1347 regi
835 1261 962 1339 assueti,
980 1263 1152 1344 prohibue·
1177 1285 1193 1329 7

158 1361 196 1401 re
216 1307 341 1420 finilus,
362 1344 464 1404 omnia
484 1358 591 1428 potrus
614 1344 793 1420 toleraturi,
823 1365 916 1439 quam
967 1355 1153 1426 nugamenta

159 1421 318 1504 quondam
340 1423 430 1484 urbis
452 1435 542 1502 suae,
558 1437 635 1496 tunc
660 1425 758 1486 etiam
779 1424 890 1501 exsilii,
911 1445 927 1486 a
952 1424 1142 1486 mitterent..
1161 1429 1165 1436 '

239 1503 430 1574 Alexander,
445 1506 622 1567 senioribus
639 1506 773 1566 militum
794 1505 825 1566 in
846 1505 981 1587 patriam
1000 1504 1152 1581 remissis,
1171 1511 1196 1574 3.·

159 1583 316 1645 tredecim
341 1583 426 1643 milia
453 1586 598 1666 peditum
627 1586 745 1646 et'duo
773 1585 860 1645 milia
882 1586 1042 1670 equitum,
1070 1605 1152 1668 quae

160 1665 193 1724 in
212 1664 288 1726 Asia
308 1663 475 1742 retineret,
496 1665 572 1750 eligi
585 1665 691 1742 iussit,
708 1662 900 1741 existimans,
912 1666 1040 1727 modico
1062 1685 1165 1726 exer-¹

160 1745 227 1806 citu
248 1745 411 1807 continere
432 1765 529 1826 posse
550 1747 683 1822 Asiam,
702 1745 776 1828 quia
797 1745 943 1825 pluribus
963 1745 1040 1806 locis
1060 1765 1154 1826 prae·
1193 1783 1197 1798 ‚-

159 1825 239 1886 sidia
260 1825 468 1907 disposuisset
475 1849 484 1906 3
505 1834 671 1910 nuperque
694 1823 974 1901 conditas-urbes,
995 1846 1073 1908 quas
1100 1845 1158 1905 co*¹

158 1906 240 1973 lonis
264 1907 432 1988 replesset,
453 1927 506 1968 res
527 1926 646 1968 novare
668 1903 869 1986 cupientibus
890 1903 1019 1966 obstare
1041 1905 1153 1966 crede·

158 1987 223 2047 bat.
264 1987 416 2048 Ceterum
449 1987 631 2071 priusquam
660 1996 863 2054 secerneret,
893 2004 975 2080 quos
1003 1996 1072 2047 erat
1102 1983 1191 2044 re·9

158 2079 315 2147 tenturus,
339 2065 447 2146 edixit,
468 2076 635 2130 ut'omnes
655 2064 842 2144 militesaes
865 2065 1001 2125 alienum
1022 2061 1153 2146 prolite-
1179 2111 1181 2116 ,

158 2160 280 2214 rentur.
325 2143 431 2210 Grave
464 2149 628 2232 plerisque
656 2165 727 2208 esse
751 2155 977 2228 compererat,¹
992 2156 1026 2206 et
1046 2165 1154 2227 quam·

160 2251 255 2314 quam
275 2231 417 2313 ipsorum
439 2229 515 2291 luxu
538 2235 735 2291 contractum
752 2237 830 2302 erut,
850 2225 1027 2288 dissolvere
1047 2237 1164 2286 tamen

158 2310 228 2372 ise
249 2311 448 2378 decreverat.
489 2310 557 2386 Illi,
592 2308 706 2370 tentari
729 2307 815 2389 ipsos
837 2307 916 2388 rati,
965 2328 1008 2369 uo
1029 2306 1189 2368 facilius²⁰

161 2333 200 2451 alr
219 2392 349 2474 integris
372 2403 554 2454 sumtuosos
576 2390 784 2461 discerneret,
804 2327 993 2470 prolatando
1015 2387 1153 2471 aliquan·
1175 2407 1179 2413 ’

159 2482 228 2531 tum
249 2485 452 2532 extraxerant
471 2471 638 2552 temporis.
679 2472 721 2529 Et
742 2490 800 2529 rex
821 2470 894 2529 satis
915 2489 1058 2549 gnarus,
1078 2489 1153 2548 pro·

160 2549 290 2610 l'essioni
319 2553 400 2611 aeris
429 2553 609 2632 pudorem,
641 2565 705 2608 non
734 2549 982 2620 contumaciam,
1013 2548 1155 2623 obstare,

159 2627 283 2690 mensas
305 2631 381 2690 totis
403 2631 512 2690 castris
531 2629 608 2710 poni
629 2628 720 2686 iussit
746 2637 779 2686 et
806 2625 917 2685 d'ecem
950 2625 1036 2686 milia
1057 2624 1154 2685 talen-

160 2722 228 2770 tum
248 2709 401 2792 proferri.
444 2712 526 2768 Tum
547 2708 675 2768 demum
699 2703 762 2765 lide
777 2703 873 2764 'facte
893 2705 1189 2785 ,professionum

160 2811 222 2852 nec
236 2789 375 2871 'amplius
397 2809 437 2849 ex
456 2798 541 2848 tanta
561 2785 695 2868 pecunia
709 2805 803 2867 quam
823 2796 949 2845 centum
972 2797 1013 2846 et¹
1025 2783 1154 2878 triginta
1191 2821 1195 2838 ·.

159 2873 278 2934 ⁴talenta
299 2869 501 2951 superfuere.
534 2867 629 2929 Adeo
649 2866 709 2926 ille
726 2865 895 2943 exercitus,
916 2876 966 2926 tot
988 2865 1154 2926 ditissima·

170 3025 360 3047 “¹¹⁸'‘

228 3116 256 3187 6)
276 3133 302 3165 v.
317 3112 446 3165 ordinum
465 3122 525 3182 post
543 3113 717 3164 colluvionem
732 3111 870 3178 Zumptius
893 3109 927 3161 de
937 3112 1013 3162 coni.
1032 3109 1153 3173 addidit3

161 3183 250 3238 Codd.
268 3181 399 3245 ordinem,
418 3183 497 3248 vulgo
517 3189 543 3233 et
562 3184 589 3232 in
604 3180 680 3232 Frsh.
698 3181 783 3232 abest.
806 3207 837 3220 -
857 3179 886 3228 in
903 3179 1044 3232 anteccdd.
1064 3177 1153 3228 Codd.

162 3276 185 3306 v.
202 3252 341 3306 libertatis
359 3253 491 3318 ignorant,
510 3259 536 3302 et
555 3249 681 3312 exhibent
698 3249 779 3318 paulo
805 3255 884 3298 antea
910 3265 961 3298 suo
984 3255 1012 3298 et
1037 3242 1153 3316 publice.

163 3315 231 3392 optt.
250 3320 338 3372 Codd.
356 3318 522 3388 prohibuere
541 3321 630 3387 igitur
647 3319 738 3368 exules
750 3315 862 3386 fint'bus.
1067 3352 1070 3356 .

229 3391 256 3460 8)
277 3398 345 3458 optt.
357 3387 448 3446 Codd.
466 3389 551 3438 omitt.
568 3405 639 3457 quos
651 3396 678 3440 et
695 3386 822 3446 obstare;
839 3381 935 3435 deinde
947 3382 1010 3432 dant
1023 3398 1155 3433 renovare
1182 3439 1185 3450 Ι

164 3477 214 3529 pro
232 3477 275 3509 res
294 3475 405 3519 rtovure,
427 3455 504 3525 quod
521 3466 559 3507 est
578 3475 609 3508 ex
627 3457 698 3508 coni.
715 3453 868 3505 Editorum.

217 3528 257 3595 ιι)
274 3535 343 3598 optt.
360 3526 448 3584 Codd.
467 3523 602 3596 profissio
623 3537 670 3581 est.
689 3555 721 3567 -
741 3521 822 3574 iidem
841 3518 1071 3572 divitissimarum.
1126 3557 1128 3562 .
