2686 3876
436 407 482 459 oi:
500 407 621 458 GESTlS
641 407 743 458 mex.
761 407 833 472 Vlll‚
854 411 893 464 st.
1134 415 1165 466 71

233 581 236 588 ’
285 555 344 616 His
366 553 549 636 compositis
580 553 679 615 tertio
697 555 816 616 'mense
840 575 881 616 ex
904 553 1209 634 hibernismorit14

172 617 216 662 Π·
235 635 623 716 exerciturmregioirem,
643 653 725 718 quae
746 634 874 696 Gabene
894 637 1083 718 appellatur,
1104 633 1168 696 adi-

167 728 273 784 ,turus
296 715 422 776 Primus
434 714 504 774 dies
519 715 662 798 quietum
684 715 747 775 iter
766 715 930 796 praebuit:
975 715 1116 780 reximus
1138 716 1169 778 ei
1192 739 1208 779 s

163 797 313 858 nondum
334 795 462 890 quidem
494 795 694 876 proeellosns
723 806 756 855 et
782 796 897 870 tristis,
925 739 1098 858 obscurior
1122 807 1168 857 te-

172 897 247 938 men
268 877 421 958 pristino,
447 895 511 936 non
535 875 616 936 sine.
631 875 804 936 crescentis
833 877 906 936 mali
935 877 1050 938 damno
1076 897 1169 958 prae-

173 957 271 1018 teriit.
314 955 425 1034 'llertio
455 955 494 1015 ab
524 955 608 1015 omni
633 967 725 1036 parte
751 957 835 1017 eoeli
866 957 1003 1018 emicare
1029 957 1169 1039 fulgura,
1196 980 1211 1026 s

87 1049 95 1064 ·
140 1105 143 1110 ,
174 1049 209 1098 et
228 1057 310 1098 nuno
333 1035 537 1096 internitente
562 1035 653 1113 luee,
679 1055 762 1096 nune
791 1035 938 1114 condita,
965 1055 1026 1096 non
1056 1037 1168 1100 oculos

173 1116 271 1179 modo
300 1115 432 1176 meantis
458 1115 637 1193 exercitus,
664 1115 722 1177 sed
752 1117 846 1178 etiam
884 1117 1003 1178 animos
1041 1129 1168 1180 terrere

175 1207 362 1278 coeperunt.
418 1197 496 1256 Erat
524 1215 630 1294 prope
659 1197 825 1259 eononuus
860 1198 944 1258 coeli
975 1197 1100 1280 l'ragor,
1135 1209 1204 1262 ets

165 1274 290 1359 ‚passim
312 1275 489 1338 cadentium
515 1277 682 1337 lulmmum
710 1278 833 1359 speeies
862 1278 1035 1339 visebatur.
1078 1278 1169 1338 Atto-

165 1358 314 1440 nitisque
343 1356 475 1418 auribus
499 1369 629 1438 stupens
659 1379 771 1440 agmen
806 1377 866 1419 nee
919 1355 1070 1443 rogredi',
1110 1375 1169 1417 nee

166 1438 353 1500 -eonsistere
382 1437 530 1502 audebat,
579 1441 661 1498 Tum
688 1448 823 1520 repente
853 1379 956 1500 imber
984 1437 1208 1520 grandinem

174 1517 328 1578 incutiens
356 1519 508 1579 torrentis
534 1518 631 1580 modo
658 1517 844 1584 ell'unditur.
892 1520 940 1581 Ao
967 1519 1073 1602 primo
1101 1518 1169 1616 spui·

175 1598 249 1658 dem
268 1598 363 1658 armis
384 1598 449 1658 suis
471 1598 550 1660 teeti
572 1610 786 1680 exceperant,
814 1598 871 1661 sed
891 1599 953 1660 iam
972 1619 1032 1661 neo
1053 1611 1170 1661 retme-

174 1699 211 1738 re
234 1699 319 1738 arma
340 1677 483 1739 lubricae
506 1691 538 1739 et
557 1679 697 1761 rigentes
718 1699 827 1739 manus
848 1691 1007 1760 poterant,
1027 1699 1087 1741 nee
1110 1681 1171 1761 ipsi

175 1758 353 1830 destinare,
379 1758 411 1816 in
444 1780 539 1840 quam
571 1759 737 1840 regionem
772 1758 981 1820 obverterent
1018 1771 1168 1841 corpora,

173 1859 247 1899 eum
268 1837 409 1920 undique
430 1839 627 1920 tempestatis
648 1837 798 1898 violentia
822 1839 940 1912 maior,
971 1859 1065 1922 quam
1091 1839 1171 1901 vita·

175 1917 288 1989 batur,
311 1923 510 1985 occurreret.
554 1919 644 2000 Ergo
665 1917 830 1978 ordinibus
852 1918 964 1983 solutis
986 1939 1046 2000 per
1066 1930 1170 1982 totum
1195 1937 1210 1982 s

174 1999 289 2059 saltum
310 1995 527 2058 errabundum
551 2017 665 2080 agmen
688 1996 873 2080 l'erebatur3
895 1997 1171 2138 multitpue‚·prins

173 2089 263 2138 metu
284 2077 510 2160 quamlabore
532 2078 712 2160 del'atigati‚
732 2077 973 2159 prostraverant
1014 2095 1079 2138 umt
1100 2097 1171 2140 eor·
1247 2099 1250 2108 ·

98 2175 102 2196 ¹
173 2179 272 2239 pora,
305 2179 493 2242 quamquam
521 2159 657 2221 imbrem
685 2158 731 2220 vis
759 2157 801 2218 l'ri
825 2159 889 2220 oris
920 2170 1073 2221 concreto
1095 2158 1171 2242 gelu

173 2239 371 2300 ¹astrinxerat.
416 2240 479 2300 Alii
510 2250 545 2302 s'e
571 2241 732 2322 stipitibus
767 2179 918 2300 arborum
945 2239 1169 2304 admoverant:
1197 2252 1210 2294 π

174 2319 207 2378 id
252 2319 384 2380 lurimus
412 2331 445 2380 et
473 2321 696 2382 adminiculum
726 2332 759 2381 et
784 2319 957 2404 suffugium
984 2335 1061 2382 erat.
1099 2322 1206 2381 Nero

176 2341 309 2460 l'aldibat
336 2399 423 2480 ipsos
454 2402 551 2462 morti
578 2402 685 2464 locum
716 2402 853 2483 eligere,
893 2421 964 2462 cum
991 2399 1170 2465 immobiles

170 2479 278 2542 ,vitalis
306 2479 393 2542 calor
417 2481 599 2565 linqueret:
634 2483 692 2544 sed
723 2493 812 2564 grata
840 2493 908 2543 erat
937 2483 1063 2564 pigritia
1098 2501 1170 2540 cor·

199 2566 290 2623 orum
317 2559 474 2641 fatigatis,
509 2583 568 2623 nee
600 2562 789 2640 recusabant
819 2561 977 2643 exstingui
1006 2561 1172 2644 quiescen-

174 2581 228 2700 do.
271 2637 400 2775 anippe
421 2664 483 2701 non
505 2642 683 2703 uehemens
709 2641 807 2703 modo
831 2639 888 2701 sed
910 2641 1004 2700 etiam
1025 2639 1172 2720 pertinax

147 2768 150 2772 .
177 2717 227 2778 vis
245 2718 319 2776 mai
338 2719 515 2800 insistebat3
536 2723 715 2806 lucemque,
734 2720 876 2782 naturale
903 2719 1059 2793 solatium,
1080 2737 1171 2800 prae·

176 2808 228 2856 ter
249 2805 312 2853 tem
338 2808 469 2860 estatem
490 2801 574 2862 hand
596 2803 754 2884 disparem
776 2798 883 2873 nocti,
910 2797 1061 2858 silvarum
1099 2817 1171 2860 uo·

175 2895 241 2959 que
261 2817 375 2934 umbra
395 2894 625 2961 suppresserat.
665 2884 737 2942 Rex
757 2899 838 2938 unus
857 2877 936 2937 tanti
955 2877 1029 2938 mali
1048 2819 1210 2962 pallente
1293 2942 1297 2957 ⁸

182 3055 374 3073 m—

242 3173 269 3240 2)
290 3171 502 3223 lennonsr’ne
519 3171 624 3220 minis
642 3173 845 3221 crescentis
864 3171 936 3232 mab',
952 3171 1168 3224 omissndnmno.

243 3244 271 3310 4)
292 3245 325 3292 al.
345 3259 405 3292 cum
424 3239 539 3290 Theocr.
559 3255 609 3306 pro
629 3238 783 3290 cadentium
802 3239 900 3292 habent
918 3237 1080 3298 (ιάειιηεὶιυπ.
1128 3285 1131 3292 .

244 3313 271 3380 5)
289 3309 339 3360 sed
354 3327 403 3360 nec
421 3310 501 3359 etiam
519 3309 574 3358 Pal.
593 3322 618 3362 1.
639 3337 668 3351 -
685 3310 764 3374 vulgo
780 3309 901 3361 lubricae
918 3311 1038 3378 rigentes
1045 3326 1057 3372 ,·
1073 3311 1108 3366 al.
1128 3311 1170 3364 lu·

178 3381 267 3432 briccie
284 3381 414 3447 rigentes.
434 3405 467 3418 -
490 3377 566 3427 Voss.
587 3393 612 3427 2.
630 3389 773 3429 verterent
790 3394 866 3448 corp.

242 3454 258 3504 fi
289 3451 318 3499 P.
337 3451 384 3498 vis
401 3448 510 3515 algoris
527 3458 637 3496 acerete
655 3447 728 3514 gelu.

243 3517 259 3567 8
293 3519 370 3583 vulgo
390 3515 499 3568 urnbroe
519 3528 741 3586 suppresserant.
