2686 3876
140 319 142 324 ’
214 353 267 406 ..20
485 342 547 402 ς,
585 340 859 407 ostunensem
926 353 961 397 z⁴

181 495 341 558 ‘loculum
368 492 481 565 etiem,
501 490 587 574 quod
614 490 762 554 lubebat
777 491 807 553 in
828 509 940 562 manu,
968 485 1106 548 tradidit.
1133 485 1223 556 Otto

228 585 367 654 accepto
390 573 541 644 (John-es,
566 574 693 643 Natura,
714 571 830 654 inquit,
846 567 1039 629 'mortalium
1058 567 1121 628 hoo
1143 589 1222 650 quo-

180 691 185 709 2.
235 675 298 737 que
319 653 447 716 nomine
466 673 563 734 prava
585 663 617 713 et
637 653 759 712 sinistra
781 651 844 712 dici
867 660 983 731 potest,
1004 649 1093 743 quod
1112 648 1144 710 in
1164 670 1222 710 suo

202 735 369 818 aequisque
395 734 523 816 negotio
549 731 697 795 hebetior
717 745 782 801 est,
816 753 909 815 quam
935 725 1101 804 inalieno.
1141 733 1223 794 Tur·

224 815 308 878 bida
337 825 409 874 sunt
439 814 567 875 consilia
591 833 721 890 eorum,
750 813 805 895 qui
833 811 892 874 sibi
921 810 1063 870 suadent.
1108 809 1223 873 Obstat

216 910 357 964 metus,
379 892 444 954 aliis
467 893 637 975 cupiditas,
671 915 901 976 nonnunquam*
920 891 1068 965 naturalis
1099 911 1223 966 corum,

235 996 317 1058 quae
345 975 593 1057 excogitaveris,
617 995 716 1039 amor.
753 977 831 1034 Nam
861 975 892 1032 in
920 983 953 1031 te
982 971 1131 1050 superbia
1158 989 1224 1031 non

182 1087 188 1122 1
236 1053 328 1128 cadit.
348 1057 507 1135 Expertus
529 1075 573 1126 es,
593 1076 786 1137 unumquem
813 1075 871 1130 ue,
893 1052 980 1138 quod
1001 1053 1068 1132 ipsc
1091 1073 1223 1134 repare-

235 1135 294 1211 rit‚
329 1147 382 1196 aut
403 1136 506 1197 solum
527 1146 580 1194 aut
608 1135 762 1215 optimum
789 1077 918 1196 ducere.
965 1136 1114 1214 Magnum
1143 1153 1222 1192 onus

201 1217 370 1284 12sustines
392 1215 505 1296 capite,
527 1235 641 1296 regum
662 1214 792 1296 insigne.
815 1214 886 1277 Hoc
903 1215 1132 1277 autmoderate
1150 1234 1223 1294 per·

163 1294 167 1298 ⁴
186 1331 191 1356 ·.
234 1296 404 1358 ferendum
426 1307 483 1370 est,
508 1307 571 1363 aut,
589 1293 859 1376 quodabominor‚
877 1297 908 1356 in
923 1308 956 1355 te
971 1306 1053 1354 ruet.
1076 1294 1222 1362 Consilio,

200 1400 297 1447 ranon
318 1377 449 1456 impetu,
473 1397 553 1456 opus
578 1388 636 1438 est.
660 1375 776 1435 Adiicit
795 1377 918 1449 deinde,
942 1378 1029 1458 quod
1048 1375 1130 1456 apud
1144 1377 1224 1434 Bac-

239 1459 354 1518 trianos
376 1457 473 1536 vulgo
495 1455 708 1536 usurpabant,
736 1475 845 1516 canem
881 1457 1027 1517 timidum
1055 1455 1224 1517 vehemen-

234 1539 295 1598 tius
320 1537 447 1605 latrare,
492 1558 562 1596 uam
577 1536 739 1613 mordere,
760 1537 908 1597 altissima
930 1558 1075 1621 quaeque
1096 1533 1224 1597 flumina

181 1641 184 1648 ·
236 1618 363 1678 minimo
385 1559 559 1678 sonodabi.
581 1617 672 1702 Quae
693 1618 822 1688 inserui,
839 1631 874 1676 ut
894 1619 1122 1701 qrraliscunque
1141 1615 1224 1684 inter

203 1698 390 1762 rabarbaros
414 1697 520 1778 potuit
548 1719 616 1758 esse
645 1698 830 1777 prudentia,
859 1699 1052 1763 traderetur.
1092 1699 1149 1757 His
1172 1717 1224 1756 au·

236 1779 388 1838 dientium
409 1777 676 1860 exspectationem
697 1777 914 1860 suspenderat.
955 1783 1038 1839 'l'um
1058 1777 1224 1840 consilium

183 1873 184 1878 ’
222 1859 348 1940 'aperit
368 1859 474 1920 utilius
499 1863 617 1932 Besso,
640 1880 734 1940 quam
755 1861 884 1940 gratius.
926 1863 961 1920 ln
982 1859 1158 1926 vestibulo,
1179 1857 1224 1914 in·

236 1940 314 2022 quit,
335 1939 443 2020 regiae
464 1951 537 2000 tuae
557 1941 775 2001 velocissimus
797 1941 938 2002 consistit
961 1961 1029 2003 rex.
1065 1942 1149 2000 Ante
1170 1937 1223 1997 ille

202 2039 357 2102 rsagmem
380 2041 473 2100 quam
492 2032 528 2079 tu
543 2041 687 2081 mensam
708 2020 809 2092 istam,
831 2022 988 2082 movebis..
1004 2024 1094 2081 Nunc
1110 2022 1148 2081 ab
1165 2025 1224 2080 Ta-

186 2112 206 2140 ³‘
235 2101 286 2160 nai
308 2101 483 2159 exercitum
505 2119 656 2174 arcessas,
683 2109 714 2158 et
732 2100 824 2158 armis
839 2097 966 2160 flumina
984 2100 1135 2180 oppones.
1158 2101 1223 2161 Sci·

236 2180 313 2238 licet
340 2201 401 2260 qua
426 2189 462 2236 tu
487 2177 647 2260 fugiturus
677 2199 727 2250 es,
762 2177 859 2240 hostis
890 2182 981 2276 sequi
1006 2205 1070 2244 non
1097 2179 1223 2264 potest!

237 2261 304 2320 Iter
322 2258 453 2339 utrique
474 2277 641 2318 commune
664 2270 725 2331 est,
747 2259 863 2320 victori
883 2275 992 2324 tumus.
1034 2263 1125 2323 Licet
1145 2275 1224 2322 stre-

237 2361 335 2402 nuum
361 2350 487 2398 metum
506 2349 598 2419 putes
628 2359 714 2407 esse,
742 2338 886 2402 velocior
918 2355 1023 2403 tamen
1057 2365 1133 2464 spes
1166 2355 1224 2406 est.

204 2419 324 2510 rsQuin
347 2417 504 2478 validioris
528 2437 664 2498 occupas
688 2419 836 2499 gratiam,
858 2423 1011 2504 dedisque
1031 2435 1080 2483 te.
1113 2438 1225 2486 utcun-

237 2499 300 2586 que
320 2498 461 2568 cesserit,
484 2499 650 2558 meliorem
670 2497 833 2560 fortunam
855 2502 979 2564 deditus
1010 2525 1105 2587 quam
1124 2505 1224 2566 hostis

235 2664 430 2680 ψ*

288 2757 329 2824 11)
350 2755 458 2807 turbida
467 2753 513 2824 fa
522 2771 536 2804 c
545 2766 555 2804 t
564 2773 581 2804 u
599 2757 667 2822 vulg.
678 2764 705 2805 et
722 2755 756 2804 cl
763 2755 804 2804 iis
822 2766 917 2806 metus.
929 2781 959 2790 -
971 2756 1043 2806 Frsh.
1053 2758 1224 2826 cogitaveris.

237 2850 268 2862 -
287 2834 355 2892 optt.
380 2825 468 2894 Codd.
490 2832 721 2913 utrumque,
752 2822 827 2892 quod
852 2827 909 2893 ipse
931 2828 1144 2893 repereris,
1175 2839 1248 2878 aut'

129 2885 132 2896 ¹
194 2937 196 2950 ,
238 2893 280 2940 sol
302 2904 353 2948 ete.

252 2987 254 2993 ·
282 2959 421 3026 Ι11)Ἑ1.111,
448 2965 552 3029 regium
571 2963 623 3010 ins.

249 3065 252 3072 .
292 3027 333 3094 13)
353 3030 429 3078 Voss.
448 3045 470 3080 2.
491 3048 541 3148 pro
561 3047 684 3100 quaeque
703 3039 729 3080 et
750 3031 859 3080 minimo
879 3031 963 3083 extit.
992 3034 1224 3100 quicque-minori.

223 3112 237 3145 .‘
290 3094 331 3164 14)
349 3091 425 3162 vulgo
445 3099 474 3145 in
510 3101 534 3146 is
552 3097 723 3148 audientium
741 3117 897 3168 suspensum
913 3097 1026 3148 dederat
1042 3103 1224 3167 exspectatio·

237 3183 294 3217 nem
314 3165 367 3226 sui,
387 3173 413 3215 ct
431 3166 466 3213 ita
484 3166 592 3232 quidem
610 3168 742 3232 Freinsh.;
766 3171 828 3218 lect.
846 3171 952 3233 Zumpt.
975 3175 1016 3216 est
1040 3167 1073 3216 ‹le
1099 3171 1225 3230 coniecta·

209 3249 213 3259 ¹
236 3233 324 3286 Codd.
345 3235 373 3283 in
396 3233 437 3282 Iris
456 3232 622 3284 audientium
641 3237 865 3305 exspectationem
882 3236 926 3287 sui
945 3251 1016 3300 spem
1035 3234 1147 3284 dederat
1155 3254 1166 3296 ,·
1183 3238 1214 3284 Fl

235 3303 310 3354 Mod.
330 3304 374 3351 nll.
394 3301 576 3372 suspenderat
593 3306 822 3374 exspectationem
840 3305 888 3352 sni:
906 3329 939 3340 -
956 3304 1040 3368 plum.
1061 3303 1149 3370 Codd.
1167 3311 1224 3371 opt.

236 3381 316 3422 notae
337 3372 480 3435 consistat,
499 3388 549 3439 pro
570 3388 624 3438 quo
643 3374 720 3424 Voss.
740 3389 763 3422 2.
783 3371 949 3421 consisterit.

289 3439 328 3507 15)
346 3440 381 3488 al.
400 3441 488 3492 omitt.
501 3452 526 3490 et
541 3443 634 3494 nruu's.
