2688 3872
181 336 227 386 122
448 289 457 302 x
549 329 583 391 Q.
604 329 719 386 ClJllTli
740 329 818 384 curt

137 492 156 550 5
256 475 338 534 Hinc
362 474 394 542 in
420 495 554 554 regnum
579 471 719 554 Sophitis
750 487 943 555 perventum
973 487 1031 536 est.
1077 475 1175 551 Gens,

177 567 212 618 nt
232 553 358 615 barbari
386 553 537 626 credunt,
567 554 719 634 sapientia
746 555 890 630 excellit,
919 555 1077 636 bonisque
1106 576 1175 616 mo-

140 634 265 702 25ribus
287 634 420 713 regitur.
467 632 599 693 Genitos
623 632 743 692 liberos
765 649 828 692 non
849 649 1018 714 parentum
1040 633 1173 695 arbitrio

175 713 293 788 tollunt
316 713 486 792 aiuntque,
514 709 572 772 sed
593 730 724 786 eorum,
749 712 865 794 quibus
889 711 1054 794 spectandi
1075 711 1175 772 inian-

176 791 253 852 tium
287 789 429 850 habitum
462 810 539 850 cura
571 789 716 854 mandata
743 803 801 854 est.
854 792 887 850 Si
917 814 1000 876 quos
1030 791 1170 872 insignes

176 883 230 931 aut
265 869 370 954 aliqua
415 881 507 949 parto
543 868 762 928 membrorum
801 871 934 939 inutiles
969 881 1175 944 notaverunt,

141 949 282 1014 annonari
304 949 422 1008 iubent.
453 947 577 1028 Nuptiis
591 951 708 1006 cocunt
730 968 791 1007 non
806 971 928 1030 genere
950 972 987 1011 ac
1009 947 1174 1009 nobilitate

177 1027 352 1104 coniuncti,
384 1028 441 1088 sed
469 1029 570 1088 electa
602 1045 777 1106 corpo-rum
803 1029 927 1109 specie,
962 1029 1035 1120 quia
1062 1028 1175 1088 eadem

140 1109 358 1168 attestimatur
379 1107 410 1166 in
431 1106 551 1168 liberis.
589 1105 692 1164 Huius
715 1108 816 1187 gentis
841 1110 1004 1190 oppidum,
1028 1107 1079 1168 cui
1100 1107 1174 1168 Ale·

175 1187 295 1247 xander
319 1187 503 1247 admoverat
525 1185 650 1266 copias,
686 1183 724 1244 ab
753 1187 822 1266 ipso
849 1188 982 1269 Sophite
1011 1186 1174 1248 obtineba-

173 1279 238 1330 tur.
280 1268 412 1329 Clausae
437 1277 527 1326 erant
550 1276 680 1344 portae,
708 1265 765 1326 sod
793 1267 870 1326 nulii
901 1269 933 1328 in
955 1267 1052 1328 muris
1073 1266 1173 1324 turri·

175 1346 300 1428 busque
322 1366 356 1406 se
379 1345 489 1404 armati
511 1343 730 1417 ostendebant,
753 1344 1003 1429 dubitabantque
1025 1343 1173 1405 Macedo·

175 1445 242 1498 nes,
263 1425 479 1488 deseruissent
496 1423 608 1482 urbem
629 1421 764 1494 incolae,
785 1445 823 1482 an
849 1424 963 1485 fraude
988 1443 1022 1484 se
1046 1423 1175 1483 occule-

142 1515 262 1578 rcrent3
310 1523 400 1575 cum,
429 1493 534 1562 subito
565 1500 721 1581 patefacta
751 1515 862 1582 porta,
895 1525 954 1576 rer
980 1501 1074 1562 Indus
1102 1521 1175 1561 cum

154 1629 156 1642 .
174 1582 299 1642 duobus
322 1581 435 1641 adultis
453 1579 523 1640 iiiiis
539 1580 689 1650 occurrit,
711 1583 846 1651 multum
870 1582 954 1643 inter
975 1600 1083 1645 omnes
1104 1579 1176 1640 bar-

137 1659 268 1728 rabaros
292 1661 431 1728 eminens
456 1660 602 1740 conponis
624 1661 743 1737 specie.
774 1660 880 1721 Vestis
902 1673 971 1738 erat
993 1679 1071 1730 auro
1097 1680 1173 1738 pur-

174 1761 318 1823 puraque
348 1741 511 1814 distincta,
539 1759 620 1820 quae
643 1739 738 1798 etiam
767 1759 861 1814 crura
889 1740 1033 1820 velabat:
1069 1739 1172 1798 aureis

174 1821 269 1882 solcis
290 1821 469 1880 inseruerat
496 1838 652 1900 gemmas3
680 1817 793 1878 lacerti
825 1840 955 1902 quoque
984 1831 1016 1890 et
1046 1816 1173 1890 brachia

140 1899 350 1981 sumargaritis
372 1913 481 1960 ornata
504 1909 604 1964 erant.
647 1897 838 1959 Pendebant
862 1919 901 1959 cx
929 1898 1056 1962 ausibus
1078 1896 1174 1977 insig-

173 1979 397 2041 nesicandore
420 1992 453 2040 et
475 1975 690 2059 magnitudine
712 1977 825 2056 lapilli.
860 1979 1017 2038 Baculum
1042 1995 1174 2035 aureum

172 2057 288 2135 berylli
311 2058 566 2139 distinguebant:¹
591 2076 655 2137 quo
679 2055 796 2115 tradito
822 2069 985 2137 precatus,
1006 2068 1042 2119 ut
1063 2073 1173 2134 sospes

173 2138 345 2217 acciperet,
366 2158 400 2196 se
422 2138 608 2216 liberosque
631 2145 664 2194 et
685 2146 813 2213 gentem
835 2157 923 2208 suam
948 2134 1092 2203 dedidit

131 2231 151 2292 6
250 2215 379 2275 Nobiles
408 2216 448 2284 ad
480 2213 657 2279 venandum
688 2232 780 2286 canes
810 2215 841 2273 in
864 2235 901 2276 ea
922 2215 1054 2296 regione
1076 2225 1165 2272 sunt:

172 2290 286 2355 latratu
308 2293 466 2352 abstinere
488 2295 657 2365 dicuntur,
689 2311 761 2350 cum
788 2293 937 2367 viderunt
965 2296 1084 2363 i'eram,
1107 2293 1174 2352 leo·

138 2369 262 2437 canibus
285 2372 417 2449 maxime
438 2371 555 2435 infesti.
594 2373 720 2442 Horum
743 2370 806 2444 vim
829 2384 866 2447 ut
887 2373 1074 2434 ostenderet
1094 2372 1187 2431 Ale-⁴

180 2496 360 2511 υ*

225 2577 272 2642 94]
302 2579 376 2630 Prsia.
401 2579 493 2631 Modio
525 2582 718 2650 obtemperavit
747 2583 897 2636 omittendo
925 2585 1008 2635 verbo
1038 2581 1166 2646 credunt,

177 2647 249 2714 quod
272 2649 304 2698 ab
323 2658 388 2715 opit.
410 2648 500 2702 Codd.
519 2651 650 2704 firmatur.
1017 2709 1020 2720 s

231 2716 274 2780 25)
292 2715 428 2774 rudentum
446 2719 484 2767 Fi.
503 2719 578 2768 Leid.
600 2721 675 2768 Voss.
699 2736 720 2773 ι.
739 2735 799 2769 cum
818 2718 885 2768 Edd.
905 2729 984 2785 vrtt.;
1003 2719 1038 2773 ci.
1057 2717 1171 2769 Heusin-

176 2798 223 2848 ger
241 2783 274 2834 nd
293 2785 349 2834 Cic.
369 2785 401 2839 de
421 2785 468 2834 off.
488 2787 509 2846 l,
532 2802 556 2851 7.
574 2793 599 2842 3,
620 2785 744 2840 Ruddim.
763 2787 861 2834 lnstiit.
880 2787 900 2836 l.
918 2794 960 2850 93.
988 2816 1020 2826 -
1053 2802 1105 2854 pro
1130 2786 1171 2833 iu·

177 2850 270 2913 signes
290 2852 365 2901 Voss.
386 2869 410 2900 2.
428 2855 484 2905 Pnl.
506 2871 527 2903 1.
547 2863 573 2904 et
590 2857 675 2920 rulgg.
695 2870 799 2919 segnes.
820 2879 853 2890 -
879 2853 953 2903 Frsb.
974 2863 1075 2919 transp.
1094 2869 1172 2900 mem·

176 2915 287 2965 brorum
305 2930 395 2980 purte.

219 2983 269 3062 Ι26)
288 2986 361 3036 Fusii.
380 3003 439 3036 cum
460 2984 548 3037 Codd.
567 2988 742 3047 eoru'unctr's,·
763 2990 870 3054 Zumpt.
891 2986 966 3040 dedit
986 2989 1055 3037 coni.
1078 2986 1171 3037 schel·
1224 3005 1227 3008 ·

175 3052 239 3111 seru
259 3053 288 3100 D.
309 3055 468 3117 convinctis,
491 3055 566 3104 Voss.
590 3061 615 3109 2.
646 3058 732 3105 omitt.
756 3083 791 3096 -
814 3057 844 3110 P.
868 3065 970 3121 transp.
999 3055 1083 3122 specie
1108 3071 1171 3103 cor-

185 3138 192 3163 ,
278 3155 283 3166 1
650 3137 658 3142 .

174 3136 274 3251 horidi
289 3185 363 3249 Frpb.
382 3185 602 3236 desernr'ssentne
623 3198 716 3239 contra
737 3198 805 3256 opit.
825 3189 913 3239 Codd.
1239 3242 1243 3252 ,

228 3259 274 3304 30>
294 3271 342 3320 pro
362 3253 466 3304 dedidit
485 3255 558 3313 Voss.
586 3272 613 3309 a.
636 3256 697 3305 Ald.
718 3255 800 3306 dedit.
836 3283 870 3294 -
906 3272 955 3324 pro
984 3255 1109 3306 calidore
1135 3257 1170 3304 ai.

178 3324 276 3370 ratane.

226 3391 269 3455 3¹)
288 3387 411 3437 viderint
430 3387 506 3437 Voss.
527 3405 550 3444 2.
570 3389 652 3453 Bong‚
