2688 3872
440 399 486 454 ns
507 379 630 454 cussus
648 369 749 454 1111111.
768 401 804 466 x,
824 401 863 452 ss.
1088 407 1158 460 *ue

152 549 449 622 fper'conttrmacia'm‘
466 549 651 616 deliquissent.
685 545 764 614 Regis
797 546 962 599 iracundiam
992 543 1050 598 sibi·
1068 557 1159 602 morte

156 620 319 672 ‘tristiorem
337 637 402 671 esse.
440 618 561 684 Cumque
579 615 637 668 dies
654 624 801 682 noctesque
818 625 880 666 aute
895 617 996 682 regiam
1011 617 1157 682 persisten-

150 697 210 740 ·tes
224 687 371 738 miserabili
390 687 509 738 clamore
535 683 682 750 habituque
728 685 900 736 cenitentiam
923 699 996 734 scum
1022 686 1159 753 approba·

151 765 245 822 ·reut;
263 753 376 805 biduum
396 763 485 806 tamen
504 751 627 803 adversus
638 702 795 803 humillimas
813 767 923 802 suorum
939 769 1033 832 preces
1051 751 1172 804 issicum·

171 825 216 874 dia
238 824 306 888 regis
329 821 443 872 duravit.
489 821 583 872 Tertio
620 819 663 871 die
674 828 684 856 '··
699 821 783 871 victus
819 827 967 870 constantia
997 823 1158 888 supplicium

152 891 320 962 processit,
347 890 521 957 incusataque
544 888 641 939 leniter
660 889 791 940 exercitus
809 886 1004 949 immodestia,
1021 893 1160 941 nursiae

150 980 153 990 v
170 961 263 1010 miultis
281 957 407 1024 utrinque
424 959 551 1020 lacrimis,
570 957 598 1005 in
616 959 728 1022 gratiam
744 973 773 1007 se
791 971 852 1008 cum
869 956 934 1024 ipsis
949 954 1039 1006 redire
1053 959 1158 1024 proles·

170 1045 214 1078 sus
233 1034 282 1078 est.
317 1025 402 1090 Digna
418 1035 508 1076 tamen
524 1040 567 1075 res
583 1025 637 1074 visa
657 1033 704 1084 est,
723 1039 790 1091 quae
806 1023 952 1074 maioribus
970 1022 1052 1072 bostis
1069 1027 1159 1094 expia.

170 1103 254 1145 retur.
288 1091 392 1159 ltaque
409 1093 435 1162 a)
463 1091 595 1144 sacrificio
622 1091 762 1158 magnifice
783 1099 955 1161 perpetrato,
980 1090 1160 1144 Macedonum

148 1189 155 1211 κ.
169 1163 249 1211 simul
268 1161 461 1228 Persarumque
478 1161 610 1228 primores
629 1161 747 1210 invitavit
773 1160 808 1210 ad
825 1160 928 1228 epulas.
961 1161 1062 1210 Novem
1085 1162 1160 1212 milia

172 1245 205 1280 co
229 1229 350 1280 convivio
369 1230 514 1298 excepisse,
532 1225 670 1296 proditum
699 1236 738 1278 est
761 1229 933 1282 memoriae.·
950 1243 1052 1294 eosque.
1067 1242 1160 1278 omnes

1 1281 2 1292 ¹
90 1305 92 1309 '
151 1297 300 1348 'invitante
318 1313 382 1364 rege
401 1296 548 1349 exseodem
568 1304 672 1347 cratere
689 1295 826 1361 libauisse,
853 1295 961 1346 Graecis
984 1294 1160 1363 barbarisque

148 1383 150 1388 ·
172 1365 275 1414 vatibus
293 1373 350 1414 tum
372 1367 423 1416 alia
441 1364 533 1417 fausta
549 1373 609 1414 vota
626 1364 833 1432 praeeuntibus,
851 1373 908 1413 tum
925 1363 1063 1432 *imprimis
1079 1373 1110 1414 ut
1127 1379 1160 1416 ea

169 1431 318 1497 utriusque·
333 1428 437 1500 imperii
462 1435 489 1482 in
507 1431 580 1483 idem
598 1449 695 1501 corpus
721 1432 820 1483 coalita
837 1434 951 1484 societas
967 1439 1097 1512 perpetua
1115 1432 1158 1482 so·

171 1507 223 1551 ret.
261 1501 394 1550 Maturata
413 1500 514 1552 deinde
532 1508 571 1552 est
593 1501 734 1552 missio-et
758 1500 950 1552 infirmissimus
976 1516 1087 1568 quisque
1112 1516 1159 1551 ex·

170 1568 313 1618 auctorati.
343 1569 499 1620 Amicorum
516 1581 624 1635 quoque
642 1569 786 1620 seniorum·
804 1568 960 1637 quibusdam
980 1576 1159 1618 commeatum

146 1635 253 1687 dedit.
287 1635 326 1686 Ex
353 1637 415 1702 quis
440 1634 468 1703 3)
494 1634 580 1685 Clitus
613 1644 792 1703 cognomento
818 1636 901 1687 Albus
932 1635 1114 1703 Gorgiasque.
1131 1643 1158 1687 et

146 1704 331 1771 ·'Pclydatnas·
348 1713 375 1754 et
392 1705 538 1770 Antigenes
556 1703 639 1754 suere.
672 1703 838 1754 Abeuntibus
855 1701 883 1769 l)
901 1719 955 1752 non
976 1703 1059 1754 modo
1079 1720 1159 1772 prae·

145 1801 148 1807 ·
169 1774 244 1824 teriti
263 1772 392 1839 temporis
410 1770 545 1840 stipendia
563 1787 624 1822 cum
642 1770 696 1822 fide
713 1773 849 1839 persolvit,
866 1787 958 1822 verum
975 1772 1056 1821 etiam
1071 1773 1159 1822 talen·

146 1849 229 1890 ·tum
256 1839 357 1890 adiecit
381 1839 408 1890 iu
434 1839 551 1905 singulos
577 1839 692 1904 milites,
718 1839 805 1890 viatici
830 1839 947 1890 nomine.
981 1839 1063 1888 Filios
1081 1838 1110 1906 5)
1125 1855 1157 1890 cx

168 1908 293 1958 Asiaticis
311 1907 439 1958 uxoribus
459 1915 599 1975 susceptos
625 1905 671 1972 (ad
696 1905 791 1957 decem
812 1907 886 1956 milia
902 1907 982 1956 luisse
1003 1905 1158 1974 traduntur)

168 1976 239 2044 apud
253 1991 281 2026 se
300 1976 415 2042 relinqui
435 1975 519 2034 iussit,
537 1991 572 2024 ne
589 1975 617 2025 in
634 1973 820 2025 Macedoniam
837 1991 897 2024 cum
907 1973 1061 2041 parentibus
1071 1981 1159 2024 trans·

143 2070 149 2079 ·
168 2044 250 2108 gressi
273 2051 300 2094 et
329 2043 487 2109 coniugibus
505 2042 651 2110 liberisque
669 2042 803 2110 prioribus
819 2037 953 2111 permixti,
971 2041 1080 2090 familias
1100 2042 1154 2091 sin·
1198 2045 1201 2051 ”

166 2113 293 2178 gulosum
311 2109 528 2162 contentionibus
549 2119 576 2161 et
593 2108 734 2162 discordiis
749 2111 908 2178 implereut3
926 2109 976 2159 sibi
1000 2107 1079 2159 curae
1096 2110 1159 2160 iore

97 2200 100 2205 ’
146 2179 324 2248 ¹pollicitus,
348 2186 382 2228 ut
407 2179 496 2247 patrio
522 2195 598 2230 more
617 2179 734 2229 instituti·
752 2180 862 2228 militiae
881 2185 949 2228 artes
968 2177 1156 2228 edocerentur.

168 2246 253 2366 11116)
273 2264 354 2316 supra
370 2246 466 2303 decem
484 2254 672 2314 veteranorum
689 2248 764 2298 milia
781 2247 887 2297 dimissa
902 2255 980 2312 sunt,
997 2245 1157 2314 additusque

143 2344 146 2348 ·
169 2325 209 2369 est
256 2325 377 2370 raterus.
405 2317 450 2383 qui
478 2332 523 2366 eos
550 2315 713 2382 deduceret,
742 2333 773 2368 ex
790 2316 942 2384 praecipuis
968 2315 1036 2381 regis
1054 2316 1155 2366 amicis.

143 2385 217 2435 -Cui
244 2385 266 2434 si
291 2383 354 2452 quid
378 2382 530 2434 humanitus
557 2384 712 2446 accidisset,
739 2382 945 2454 Polyperchonti
969 2398 1064 2451 parere
1091 2384 1155 2434 iussi

169 2461 239 2506 sunt.
273 2453 382 2504 Litteris
402 2454 483 2503 etiam
509 2451 543 2502 ad
564 2453 734 2522 Antipatrum
755 2453 861 2522 scriptis
890 2451 1020 2502 honorem
1038 2453 1157 2502 emeritis

144 2545 146 2551 ·
170 2517 264 2568 haberi
282 2521 430 2588 praecepit,
448 2529 489 2584 ut,
508 2523 612 2586 quoties
622 2521 679 2572 ludi
698 2529 777 2587 atque
796 2521 940 2571 certamina
957 2518 1108 2581 ederentur,
1128 2519 1155 2566 in

166 2585 260 2702 primis
282 2587 421 2638 ordinibus
440 2590 562 2638 coronati
584 2597 753 2656 spectarent3
776 2596 858 2653 utque
876 2587 931 2634 sato
950 2585 1101 2634 structorum
1118 2585 1162 2652 li-¹

189 2652 227 2700 eri
253 2651 407 2719 impuberes
429 2656 457 2702 in
486 2663 598 2720 paterna
623 2655 754 2721 stipendia
787 2652 970 2704 succederent.
1015 2653 1154 2702 Craterum

167 2716 343 2770 Macedoniae
361 2720 613 2786 continentibusque
631 2721 782 2786 regionibus
812 2737 872 2770 cum
898 2719 1010 2785 imperio
1031 2729 1155 2786 praeesse·

167 2785 280 2855 placuit,
298 2787 468 2854 Antipatrum
486 2803 547 2837 cum
565 2790 750 2855 supplemento
768 2788 903 2848 iuniorum
920 2785 1099 2838 Macedonum
1116 2787 1152 2836 ad

167 2871 258 2920 regem
275 2870 387 2922 pergere
405 2853 441 2922 7).
470 2855 620 2905 Verebatur
645 2857 731 2918 enim,
754 2871 788 2905 ne
806 2849 864 2934 ‘per
892 2852 1053 2904 discordiam
1073 2869 1153 2922 prae·

167 2923 231 2974 secti
258 2939 319 2974 cum
339 2919 516 2991 „olympiade
533 2925 617 2989 graus
643 2923 732 2990 aliqua
755 2925 844 2974 clades
867 2923 1045 2988 acciperetur.
1085 2923 1152 2972 Nam

171 3033 348 3065 ‚--.--l

231 3181 247 3216 a
285 3165 388 3216 Arriam
407 3180 431 3230 7,
449 3179 473 3230 a,
493 3170 537 3222 al.

141 3281 144 3288 ,
233 3234 562 3298 3’11111111.12,111,8.Ἰ

233 3300 268 3366 lq)
288 3303 391 3352 Arriam
410 3307 435 3366 7,
454 3318 478 3362 n,
497 3301 539 3352 28.

232 3370 266 3434 5)
284 3370 398 3420 Diodor.
421 3385 460 3436 17,
482 3383 538 3420 110.
810 3427 811 3432 q

234 3440 265 3503 (j)
285 3439 376 3488 lustin.
399 3454 437 3502 tn,
459 3453 498 3502 sa,
518 3453 542 3503 7.
561 3433 671 3486 Diodor.
694 3449 732 3498 17,
755 3442 808 3495 109.
925 3495 931 3507 ⁸

237 3507 263 3570 7)
282 3509 384 3556 Arriau.
405 3523 430 3572 7,
449 3523 474 3572 a,
493 3507 536 3560 31.
557 3505 690 3555 Plutarch.
709 3517 768 3570 cap.
792 3514 846 3563 rna,
868 3495 959 3546 lustin.
982 3510 1019 3558 ra,
1041 3511 1079 3561 ra,
1094 3511 1119 3563 q.
