2688 3872
407 333 410 337 ’
465 366 834 430 DEGESTISALEx.1x,
854 376 896 426 25.
1124 369 1178 426 ur

178 533 265 592 esse,
308 533 380 574 uam
402 534 478 575 cura
498 513 606 579 salutis
631 525 721 587 tuae,
749 525 785 574 ut
804 532 887 574 nune
907 525 974 580 est.
994 514 1053 576 tihi
1074 514 1170 576 vilis?

177 537 381 683 Quantdlibet
402 594 448 656 vis
473 595 612 656 omnium
628 595 767 678 gentium
789 593 951 676 conspiret
970 596 1002 656 in
1022 617 1092 672 noo,
1113 595 1168 656 im·
1193 620 1207 662 7

180 677 269 757 pleat
298 673 390 735 armis
426 675 569 757 virisque
594 687 696 735 totum
726 673 853 742 orbem,
888 674 1039 736 classibus
1073 677 1169 738 marie

184 766 378 823 consternat,
397 755 556 822 inusitatus
577 754 687 814 beluas
709 753 853 814 inducatt
877 764 912 812 tu
925 775 981 815 uos
993 757 1169 838 praestabis
1203 773 1206 780 ¹

182 835 329 895 invictos.
359 832 421 893 Sed
445 835 517 917 quis
539 837 681 896 Deorum
705 834 767 894 hoc
793 832 996 894 Macedoniae
1023 838 1210 900 columonc

142 933 144 944 ·
177 935 222 987 ec,
242 915 330 974 sidus
365 913 547 974 diuturnum
578 915 652 975 l'ore
679 913 824 995 polliceri
856 925 978 994 potest,
1007 935 1078 976 cum
1107 928 1169 978 tum

178 994 271 1056 uvido
293 993 467 1055 manilestis
488 995 637 1075 periculis
664 995 783 1056 oller-us
813 1013 947 1074 corpus,
976 994 1093 1056 oblitus
1121 1009 1169 1058 tot

178 1074 295 1136 civium
326 1074 440 1134 animas
465 1074 595 1136 trahere
627 1087 659 1136 te
687 1070 869 1134 incusum?
902 1071 981 1163 Quis
1008 1074 1089 1136 enim
1110 1076 1168 1136 tibi
1193 1095 1210 1136 s

150 1191 155 1200 -
178 1165 342 1235 superstes
364 1165 417 1214 aut
438 1167 528 1236 optut
547 1174 617 1215 esse
640 1167 694 1216 sut
720 1150 847 1235 potest?
883 1155 933 1214 Eo
954 1153 1168 1234 pervenimus,

178 1234 349 1316 auspicium
375 1246 469 1316 atque
493 1235 662 1316 imperium
691 1234 793 1296 secuti
813 1245 917 1311 tuum,
943 1233 1027 1295 unde
1056 1234 1168 1295 uisite

177 1314 297 1374 reduce
317 1314 395 1374 nulli
419 1315 458 1375 sd
479 1329 609 1396 penates
637 1337 711 1376 suos
733 1314 795 1374 iter
823 1324 879 1374 est.
921 1313 1045 1403 Quodsi
1066 1314 1207 1374 adhucru

177 1395 219 1454 de
246 1394 385 1454 Persidis
411 1415 511 1478 regno
539 1415 611 1456 cum
638 1396 738 1456 Dario
768 1393 952 1472 dimicares,
988 1396 1048 1474 etsi
1074 1415 1169 1456 neruo

177 1474 293 1550 vellet,
317 1485 421 1534 tamen
444 1474 653 1536 needmirari
674 1473 799 1558 quidem
821 1485 949 1554 posset,
979 1487 1040 1536 tum
1084 1497 1168 1536 rom·

177 1567 229 1616 tae
251 1574 320 1615 esse
341 1565 373 1614 te
396 1554 434 1613 ad
456 1575 548 1615 omne
569 1555 738 1616 discrimen
761 1554 924 1616 audaciae:
946 1578 1016 1616 nam
1037 1497 1093 1616 ulii
1114 1577 1167 1636 pe-

178 1636 225 1696 ria
247 1646 319 1694 suut
363 1633 518 1694 oriculum
549 1655 585 1694 ae
612 1635 808 1716 praemium,
843 1643 876 1694 et
904 1635 1048 1696 secundis
1070 1637 1167 1696 rebus

179 1715 315 1796 amplior
335 1655 460 1790 iifuctus
483 1725 541 1789 est,
563 1726 596 1774 et
620 1713 761 1774 adversis
789 1714 935 1774 solatium
963 1717 1089 1777 nraiusr
1109 1729 1203 1776 tuo1¹

178 1815 258 1858 sero
281 1793 384 1874 cupite
404 1794 576 1872 ignobilem
598 1793 703 1856 vicum
726 1793 798 1866 emi,
819 1793 890 1875 quis
904 1793 999 1863 ferat,
1021 1818 1081 1858 non
1099 1808 1170 1856 tuo·

179 1897 249 1936 rum
271 1872 367 1934 modo
388 1873 541 1946 militum,
568 1873 625 1934 sed
654 1873 748 1932 ullius
777 1870 877 1951 gentis
904 1872 1057 1948 barbarus
1079 1876 1167 1949 ciris,

179 1956 233 2050 qui
253 1967 339 2015 tunm
359 1953 604 2033 magnitudinem
624 1951 736 2014 novit?
769 1955 891 2012 Horret
911 1953 1028 2013 suimus
1050 1955 1204 2036 cogita-¹2

178 2048 266 2096 tione
288 2033 352 2106 rei,
381 2054 474 2115 quem
502 2033 597 2113 paulo
626 2045 696 2093 ante
734 2032 875 2092 vidimus.
912 2033 1032 2126 Eloqui
1058 2035 1167 2112 timeo,

180 2115 289 2176 invicti
311 2112 455 2194 corporis
475 2113 577 2194 spolia
599 2111 800 2174 inertissimus
821 2133 927 2172 uranus
951 2111 1050 2174 fuisse
1071 2115 1168 2175 iniec·-

178 2208 283 2272 turas‚
311 2194 370 2269 nisi
396 2202 431 2254 te
457 2193 667 2274 interceptum
695 2191 874 2254 misericors
902 2192 934 2252 in
959 2215 1017 2255 nos
1038 2193 1167 2257 fortuna
1208 2241 1216 2248 .

180 2287 350 2340 servasses
402 2273 549 2336 'Fotidem
581 2273 781 2356 proditores,
819 2273 954 2334 totidem
984 2274 1166 2336 desertores
1199 2319 1201 2323 ,

178 2377 296 2426 sumus,
318 2367 398 2438 quot
410 2364 442 2414 te
462 2376 525 2415 non
540 2355 698 2434 potuimus
720 2353 880 2436 persequi.
899 2353 1071 2416 Universos
1092 2356 1203 2417 licet¹s

178 2435 292 2496 milites
316 2434 483 2517 ignominia
502 2446 602 2510 notes,
621 2455 714 2496 nemo
729 2433 888 2495 recusabit
900 2434 992 2495 luere
1013 2436 1056 2505 id,
1078 2437 1165 2518 quod

179 2535 220 2576 ne
233 2515 415 2578 admitteret
428 2527 591 2596 praestare
607 2537 668 2577 non
686 2513 805 2597 potuit.
825 2515 942 2574 Patere
953 2535 1020 2590 nos,
1035 2529 1165 2596 quaeso,

180 2701 382 2725 μ--ιι--ι-ο.

251 2827 278 2896 7)
296 2830 415 2886 Vesus.
432 2823 601 2882 irruisitatos.

246 2896 275 2961 8)
295 2897 371 2948 Voss.
391 2915 414 2948 α.
433 2908 534 2966 transp.
552 2916 652 2968 eorpus
672 2895 782 2966 offis-ns.

234 2965 483 3030 10)Frslr.conlru
502 2968 568 3035 uplt.
591 2965 812 3036 coddpoisi.
849 2993 882 3006 -
917 2977 942 3016 et
970 2983 1010 3014 ex
1039 2964 1164 3020 adversis

179 3032 258 3082 Voss.
276 3040 301 3089 2.
324 3050 447 3102 praepos.
471 3040 616 3102 agnoscunt
636 3037 713 3086 etium
728 3037 783 3087 rat.
805 3042 827 3090 1.
847 3045 875 3086 ct
892 3034 1007 3086 Theocr.
1021 3067 1051 3076 -
1073 3040 1163 3105 Margo

180 3100 283 3170 Gryplr.
303 3119 335 3151 nc
351 3103 486 3152 admirari
504 3102 608 3172 quidem
628 3120 684 3152 noo
698 3113 797 3170 posset.

234 3170 276 3239 ιι)
299 3170 372 3222 Frslr.
391 3173 482 3222 inserit
500 3173 579 3221 etium
598 3173 668 3223 inter
687 3172 769 3222 ullius
791 3176 816 3222 el
832 3173 933 3238 gentis.

233 3239 599 3307 12)horret-cogitationem
618 3241 657 3289 Fl.
676 3240 751 3290 Leid.
771 3240 848 3289 Voss.
870 3249 892 3294 1.
912 3241 943 3290 D.
955 3271 986 3280 -
1004 3241 1080 3292 Frsh,
1100 3259 1163 3310 spo·

179 3309 223 3359 liis
252 3309 428 3358 inertissimos
450 3325 545 3357 montes
564 3305 659 3377 foisse
680 3309 827 3358 iniecturos
850 3319 942 3359 comm
971 3317 1039 3376 opu.
1065 3310 1164 3374 Codrl,

181 3376 255 3431 lllod.
275 3379 310 3426 in
328 3377 516 3444 invicti-spol,
534 3378 600 3429 Mer.
620 3375 659 3426 nd
674 3378 728 3428 irio.
751 3385 777 3428 et
796 3378 832 3428 ilo
850 3375 965 3429 Theocr.

232 3443 272 3512 13)
292 3447 368 3510 vulgo
388 3446 522 3496 «auritteret
541 3461 590 3514 pro
607 3444 772 3501 (adnumeret.
