2686 3876
219 361 253 415 au
299 391 300 394 η
569 358 606 423 o.
627 349 743 437 cunin
761 349 865 433 auri-

221 521 333 566 menes'
351 501 524 582 transfuga,
555 505 714 586 praesidio
739 504 948 567 Macedonum
975 505 1047 566 inde
1072 505 1212 576 deiecto.

221 587 318 646 muris
348 584 435 644 urbis
464 585 532 644 eins
560 586 795 660 incluserat'se,
818 585 899 645 haud
924 586 1090 667 oppidanis
1111 587 1217 648 con'e'i-

222 665 298 725 lium
327 664 516 726 deiectionis
549 665 807 748 approbantibus.
856 664 957 748 Sequi
985 677 1090 727 tamen
1120 669 1215 728 vide·

184 748 346 814 cibantur,
391 747 440 803 uia
462 744 636 826 prohibere
658 767 718 805 non
741 757 898 828 poterant.
927 747 1054 807 Interim
1079 746 1216 808 Alexan·

222 826 281 885 der
302 826 341 886 ad
355 767 493 885 ¹'ii'an'aim
515 837 635 886 amnem
658 827 745 886 redit
763 837 805 894 et,
829 838 979 909 qnantum
1001 827 1060 886 soli
1077 849 1157 889 occu
1182 849 1215 887 a·

222 917 334 974 vetunt
355 906 475 976 castris,
496 920 588 965 muro
610 906 826 970 circumdedit.
850 907 907 965 LX
928 907 1104 967 stadiorum
1122 849 1213 968 urlis
1275 917 1279 934 ¹

222 1007 330 1046 murus
350 985 429 1047 fuit:
451 985 531 1047 hanc
553 1001 681 1069 quoque
695 987 807 1047 urbem
820 986 1042 1046 Alexandriam
1055 989 1210 1068 appellari

184 1067 321 1130 adussit.
353 1066 444 1146 Opus
466 1077 556 1126 tan'ta'
574 1067 737 1126 celeritate
758 1067 939 1147 pot-fectum
956 1079 1014 1136 est,
1037 1079 1074 1126 ut
1088 1069 1213 1129 decimo

222 1147 358 1228 septimo
386 1147 455 1220 die,
506 1169 578 1206 uam
607 1147 798 1206 munimenta
826 1147 960 1207 excitata
989 1159 1093 1223 crant,
1116 1154 1209 1208 tecta

222 1246 351 1311 quoque
372 1227 460 1286 urbis
482 1238 497 1284 a
523 1227 746 1305 solverentur.
762 1229 872 1308 ingens
893 1227 1028 1287 militum
1051 1239 1213 1288 certamen
1260 1256 1278 1290 ·,

121 1359 123 1369 .
200 1309 309 1368 inter*
325 1307 411 1388 ipsos
433 1305 553 1380 luerat,
582 1318 617 1365 ut
638 1328 728 1366 sunm
752 1309 886 1390 quisque
907 1327 1021 1368 munus
1052 1312 1137 1387 (nam
1167 1309 1214 1368 di·

171 1389 323 1448 arrisum
353 1395 436 1460 erat)
464 1387 585 1467 primus
616 1387 810 1448 ostenderet.
853 1387 979 1447 Incolae
1008 1405 1109 1450 notae
1138 1389 1212 1448 urbi

142 1475 144 1482 ⁴
220 1468 286 1528 dati
313 1467 447 1548 captivi,
482 1487 563 1549 quos
591 1467 719 1528 reddito
748 1468 852 1548 pretio
888 1467 1021 1528 dominis
1051 1469 1210 1546 liberavit,

220 1544 358 1630 quorum
377 1549 508 1627 posteri
521 1567 607 1608 nunc·
626 1569 754 1630 quoquc
776 1567 837 1608 non
859 1547 942 1628 apud
958 1567 1013 1609 eos
1028 1561 1093 1608 tam
1113 1549 1207 1632 longa

203 1639 323 1691 aetate
344 1639 480 1708 propter
500 1629 684 1689 memoriam
706 1628 877 1689 Alexandri
899 1627 1119 1690 exoleverunt.
1191 1639 1195 1646 '

182 1733 220 1794 93
280 1709 324 1768 At
338 1727 396 1768 rex
413 1707 610 1787 Scytharum,
632 1709 720 1769 cuius
741 1719 809 1769 tum
827 1709 910 1768 ultra
929 1701 1056 1768 'sanaim
1079 1709 1136 1769 im·
1193 1752 1194 1755 ,

204 1787 346 1928 ”pierium
367 1798 446 1864 erat,
466 1799 553 1848 ratus
569 1803 637 1848 eam
653 1787 776 1865 urbem,
798 1807 892 1872 quam
907 1788 938 1846 in
953 1789 1021 1869 ripa
1037 1789 1134 1848 amnis
1158 1770 1212 1829 vu.
1254 1857 1256 1863 .

254 1868 410 1930 acedonea
440 1868 664 1943 condiderant,
694 1870 757 1929 tuit
783 1869 960 1950 impositam
982 1869 1052 1929 ess'e
1073 1867 1206 1930 cervici·

219 1947 299 2023 but,
328 1949 461 2008 lintrem
489 1948 647 2011 Carthasim
673 1950 799 2015 nomine
827 1969 900 2010 curn
932 1970 1043 2032 magna
1069 1950 1211 2032 equitum

218 2047 311 2089 manu
331 2029 416 2088 misit
440 2027 478 2088 ad
500 2029 685 2090 diruendam
708 2051 787 2106 eam,
808 2029 988 2112 proculque
1018 2030 1108 2090 arn'nc
1136 2029 1210 2089 sub·

145 2145 148 2149 -
183 2108 392 2169 amovendas
416 2109 629 2169 Macedonum
660 2110 777 2190 copias.¹
820 2111 1005 2170 Bactrianos
1032 2110 1144 2170 Tanais
1172 2109 1210 2168 ab

207 2187 354 2268 Scythis,
373 2201 457 2270 'quos
477 2189 665 2269 Europaeos
686 2200 810 2263 vocant,
833 2188 954 2252 dividit.
996 2189 1083 2249 ldem
1104 2183 1211 2250 Asiani

183 2279 253 2332 aet
273 2270 435 2347 Europam
459 2268 529 2328 finis
550 2267 711 2330 interfluit.
749 2267 900 2330 Ceterum
921 2268 1109 2350 Scytharum
1132 2282 1209 2352 gens

219 2346 304 2407 haud
332 2346 448 2428 procul
476 2345 612 2411 Thracia
638 2351 697 2412 sita
725 2349 763 2410 ab
792 2348 930 2411 Oriente
952 2349 991 2410 ad
1012 2348 1209 2430 Septentrio·

218 2441 351 2488 nemse
369 2426 476 2504 vertit,
496 2427 795 2514 sarmatarumque5
819 2441 854 2490 ut
874 2430 1001 2514 quidam
1030 2429 1210 2506 credidero,

182 2523 283 2568 tnori
302 2503 431 2568 finitima
452 2507 510 2567 sed
529 2529 602 2589 pars
631 2523 688 2572 est.
734 2513 867 2572 Rectam
896 2509 1014 2570 deinde
1045 2511 1209 2593 regionem

220 2587 311 2650 aliam
335 2589 419 2648 ultra
439 2588 553 2648 Istrum
576 2581 732 2654 ia'centem
753 2591 846 2654 colit:
868 2589 978 2652 ultima
1002 2589 1107 2670 Asiae,
1130 2608 1211 2673 quac

219 2777 409 2795 m

272 2923 318 2986 23)
338 2937 388 2990 pro
408 2922 511 2973 rizstitit
529 2921 585 2972 Pal.
609 2939 630 2972 r.
649 2920 783 2975 incubuit.

269 2990 405 3053 25)Frsli.
454 3007 495 3041 uu
512 2994 620 3042 murum.

268 3063 314 3123 27)
333 3061 361 3109 B.
384 3076 407 3114 1.
453 3075 506 3110 oss.
527 3075 550 3108 n.
569 3060 655 3114 omitt.
675 3058 806 3125 nondum,
821 3073 872 3128 pro
889 3076 943 3127 quo
959 3064 1027 3128 opit.
1041 3058 1129 3112 codd.
1143 3075 1211 3124 non;

219 3127 246 3180 lt.
266 3129 345 3178 etiam
364 3129 383 3182 l.
402 3128 435 3178 al.
456 3127 630 3190 exoluerunt,
648 3127 683 3179 de
697 3145 751 3196 quo
762 3131 815 3180 iam
828 3127 971 3198 pluriesod
982 3127 1211 3182 Ruddim.lustitt.

238 3211 369 3251 rovocari.
629 3207 631 3213 '
857 3209 859 3214 '

218 3213 236 3265 p
285 3263 311 3334 1)
329 3262 407 3317 Frsh.
426 3264 571 3314 omittat.
592 3252 625 3301 -’-
642 3260 903 3333 Fl.d1inpiendnm,
932 3263 1029 3315 eodem
1055 3264 1155 3331 ducere
1176 3263 1211 3313 vl·

218 3331 315 3405 <lentur
334 3333 411 3382 Voss.
433 3348 456 3385 1.
472 3330 502 3380 B.
525 3329 746 3402 1.dir·upendnm.
795 3339 799 3349 ’
1018 3393 1020 3398 ¹

285 3403 314 3464 3)
330 3399 409 3450 Voss.
430 3411 454 3452 a.
474 3400 561 3452 omitt.
581 3411 620 3454 tr.
638 3401 694 3450 sita
711 3401 879 3459 oboriente,
899 3399 978 3466 prob.
1001 3398 1137 3455 Schmied.
1236 3445 1238 3450 ,

175 3462 180 3471 ’
285 3471 315 3535 d)
333 3465 409 3523 Frsh.
427 3483 489 3520 cum
508 3469 569 3536 vulg
587 3477 686 3530 recta‚·
703 3465 791 3524 Godd.
811 3476 880 3537 optt.
901 3480 975 3520 recta
990 3466 1088 3518 deinde
1102 3469 1211 3536 regione
