2686 3876
445 367 490 420 oe
508 365 632 419 eesrts
649 363 751 416 nasu.
779 363 839 428 vn,
858 365 899 415 ss.
1133 379 1168 434 ω

178 530 213 582 et
231 516 368 582 hnmano
390 516 480 580 cultu
500 516 606 576 vacua
619 513 720 596 magis
746 533 842 596 quarn
867 513 966 577 urbes
987 523 1022 584 et'
1034 522 1175 604 ‚epulan

176 611 228 662 tos
250 621 345 684 agros
366 597 540 682 sequimur.
584 594 726 657 Proinde
751 599 911 656 torturam
939 609 1025 662 tuam
1054 603 1175 684 pressis

175 679 321 745 manibus
343 691 427 742 tene.
468 675 608 736 Lubrica
630 686 702 751 est,
732 695 793 736 nec
819 674 916 736 invita
935 681 1037 742 tcncri
1056 695 1175 764 potest.

175 759 311 824 Salubre
347 757 512 820 consilium
555 775 694 838 sequens
728 775 822 839 quam
862 776 1012 836 praecem
1047 774 1112 824 tem
1136 785 1173 826 us

157 839 318 904 *ostendit
337 839 461 901 melius.
491 839 620 916 Impone
641 835 787 896 felicitati
805 845 879 895 tuae
900 835 1027 901 lienos:
1047 784 1172 906 tacihm

174 921 261 983 illam
280 940 385 1004 reges.
407 917 518 1004 Nostri
541 916 608 976 sine
628 915 763 997 pedibus
786 915 895 976 dicunt
915 937 983 980 esse
998 921 1208 1001 fortunam‚as

176 1019 259 1098 (puae
279 1021 389 1062 manus
412 1009 444 1060 et
466 997 576 1079 pinnas
597 1007 717 1056 tantum
738 995 856 1072 habet3
878 1015 950 1056 cunt
970 1021 1078 1064 manus
1098 1025 1174 1086 por·

174 1083 260 1164 rugit,
281 1082 391 1163 pinnas
413 1098 544 1162 quoquc
568 1075 843 1158 comprehendere
864 1098 928 1138 non
955 1079 1035 1140 sinit.
1076 1085 1209 1150 neni-ro

157 1169 240 1246 'que
262 1163 289 1222 si
309 1161 392 1221 deus·
411 1179 463 1234 es,
492 1158 636 1221 tribucre
648 1156 846 1219 :mortalibus
878 1155 1032 1222 beneficia
1060 1161 1172 1242 debes,

176 1261 242 1303 non
263 1263 320 1302 aua
336 1240 480 1322 eripere:
500 1239 668 1299 sinautem
686 1240 841 1314 humosa,
861 1236 893 1298 id
915 1239 1004 1322 quod
1025 1261 1070 1318 es,
1092 1264 1173 1304 sem·

175 1319 236 1404 per
269 1342 339 1383 csse
372 1333 406 1382 te
433 1319 548 1402 cogita.
593 1319 732 1380 Stultum
762 1328 811 1380 est
842 1337 955 1380 eorum
982 1323 1174 1400 meminisse,

173 1415 312 1485 propter
332 1421 413 1486 quac
432 1404 479 1460 tui
501 1400 709 1464 oblivisceris.
757 1397 882 1494 Quibus
903 1399 1023 1463 bellum
1045 1425 1108 1466 non
1127 1404 1210 1464 in-tt

172 1483 304 1560 tuleris,
330 1483 422 1545 bonis
450 1482 556 1542 amicis
583 1481 706 1563 poteris
735 1491 793 1540 uti.
832 1481 911 1540 Nam
939 1494 973 1543 et
992 1485 1173 1546 firmissima

75 1597 78 1606 ι
173 1575 223 1625 est
243 1565 327 1624 inter
347 1583 440 1646 pares
462 1561 615 1636 amicitia,
643 1573 676 1620 et
704 1561 856 1622 ridentur
876 1581 988 1642 pares,
1024 1566 1080 1649 qni
1107 1587 1172 1629 uon
1279 1639 1282 1646 ¹

170 1643 321 1706 fecerunt
357 1647 442 1704 inter
469 1661 504 1702 se
531 1641 712 1722 periculum
741 1640 867 1705 virium.
919 1641 1010 1739 Quos
1045 1645 1206 1725 vicetiam

172 1725 290 1790 amicos
314 1724 374 1784 tibi
395 1741 466 1782 esse
490 1739 569 1781 eave
591 1721 719 1782 credas:
747 1721 832 1780 inter
862 1720 1023 1784 dommum
1052 1739 1085 1788 et
1105 1747 1172 1788 ser·

171 1819 248 1865 tum
280 1803 367 1863 nulla
395 1799 530 1860 amicitia
560 1812 629 1861 est:
671 1800 764 1860 etiam
794 1799 827 1858 in
855 1819 934 1880 pace
965 1803 1043 1864 belli
1066 1817 1171 1868 tamen

171 1883 242 1943 iura
271 1891 449 1943 servantur.
499 1877 636 1940 Iurando
665 1879 797 1962 gratiam
826 1877 955 1958 Scythas
984 1886 1104 1946 sancire
1130 1907 1208 1952 neas

173 1961 373 2023 credideris:
409 1959 543 2022 colendo
573 1957 688 2036 tidem
721 1958 835 2018 iurant.
885 1959 1084 2024 Graecorum
1113 1965 1172 2027 ista

171 2043 360 2119 canticam,
382 2040 437 2124 qui
449 2051 541 2121 pacta
556 2040 755 2122 consignant,
777 2049 810 2099 et
830 2037 909 2102 deos
925 2042 1091 2106 invocant:
1113 2065 1171 2108 nos

170 2124 360 2206 religionem
381 2123 411 2182 in
433 2122 502 2202 ipsa
524 2118 586 2181 lide
608 2120 762 2182 novimus.
808 2117 873 2205 Qui
893 2143 954 2186 non
979 2137 1171 2188 reverentur

167 2203 324 2278 homines,
348 2203 463 2264 l'allunt
483 2201 571 2262 deos.
618 2204 685 2262 Nec
712 2200 772 2260 tibi
799 2200 901 2264 amico
929 2225 1010 2286 opus
1033 2218 1099 2285 est,
1128 2206 1170 2268 dc

168 2285 258 2345 cuius
280 2283 494 2358 benivolentia
519 2282 658 2346 dubites.
701 2285 851 2344 Ceterum
872 2304 931 2344 nos
957 2299 990 2346 et
1018 2288 1112 2350 Asiae
1138 2299 1208 2360 et30

167 2365 321 2446 Europae
342 2364 493 2427 custodes
513 2361 663 2428 habebis:
683 2366 810 2439 Bactra,
830 2363 890 2422 nisi
905 2363 1024 2428 dividat
1046 2369 1169 2446 Tanais,
1270 2394 1272 2400 ¹

167 2445 273 2506 contin
298 2445 396 2506 imus:
426 2445 511 2505 ultra
540 2444 671 2505 Tanaim
698 2456 800 2527 usque
831 2443 871 2504 ad
898 2445 1065 2510 Thraciam
1093 2449 1170 2512 ooli·

167 2545 254 2588 mus:
277 2467 435 2588 l‘hraoiae
457 2525 675 2586 Macedoniam
697 2523 897 2587 coniunctam
915 2546 984 2591 esse
1004 2529 1088 2590 sama
1110 2541 1170 2591 cst.

184 2681 353 2707 ὴ..-

169 2787 272 2840 ducunt
292 2794 400 2859 vestigia
419 2793 488 2874 Cod.
510 2795 587 2876 Vosst
606 2802 654 2877 ⁸2,
680 2812 713 2878 ex
734 2814 798 2866 quo,
819 2800 894 2851 sacili
911 2801 1082 2867 coniectura,
1101 2818 1169 2854 nora

172 2873 261 2992 caqppp
281 2861 747 2996 plpptanpzolppttp'lbtpptgtpppppptth
765 2936 849 3002 Rong.
871 2937 956 3003 regis,
976 2939 1049 3005 quod
1067 2939 1166 3007 probo.

216 2993 261 3064 αξη)
280 2995 356 3046 Frsh.
373 3014 489 3067 percnum,
506 3001 588 3050 etiam
606 3003 698 3067 paullo
715 3011 798 3068 post;
824 3003 859 3055 cl‘.
888 3006 1023 3062 Drakenb.
1055 3011 1090 3060 ad
1111 3012 1167 3059 Ltv.

167 3064 241 3128 XXI,
259 3064 301 3124 30,
319 3065 344 3115 8.
364 3095 397 3103 —
416 3068 449 3121 al.
469 3077 496 3119 et
514 3067 632 3120 Thooer.
649 3070 761 3138 patitur
781 3087 832 3138 pro
851 3074 928 3124 sinit.

216 3132 262 3200 26)
284 3133 360 3184 Leid.
384 3143 485 3203 transp,
503 3153 554 3186 sua
573 3154 637 3188 non.
666 3167 699 3176 —-
726 3140 805 3190 Voss.
825 3156 849 3192 a.
871 3144 957 3194 omitt.
979 3155 1004 3194 te
1022 3155 1082 3213 post
1101 3163 1166 3196 esse.

213 3209 244 3260 αῖ
276 3203 354 3258 Voss.
375 3219 399 3254 a.
416 3212 443 3254 ct
462 3203 579 3260 Theocr.
600 3205 785 3257 oblibiscaris.

214 3278 247 3327 at}
273 3288 325 3340 pro
341 3273 452 3322 satzcr're
471 3273 587 3329 Theocr.
610 3293 731 3328 servare.
758 3307 789 3315 —
826 3289 909 3344 pactu
937 3289 975 3332 est
997 3281 1067 3332 coni.
1085 3279 1161 3332 Bon-

162 3342 259 3406 garsii3
280 3339 369 3391 Codd.
400 3353 463 3393 octo
484 3349 511 3393 et
520 3342 609 3410 suta,-
624 3343 702 3396 Frsh.
721 3361 781 3396 cum
800 3346 874 3398 Mod.
894 3359 965 3398 acto.

212 3408 256 3477 30)
276 3417 343 3477 optt.
389 3410 455 3468 odd.
473 3411 622 3466 cumudd.
641 3420 702 3467 vett.
725 3413 818 3464 hurbes.
830 3441 860 3454 —
878 3417 959 3467 iidem
979 3415 1095 3466 Tanaim
1114 3429 1166 3481 et‚·

165 3485 192 3528 el
207 3475 285 3545 farno
295 3475 386 3546 fert.
