<?xml version="1.0" encoding="UTF-8"?>
<!DOCTYPE html PUBLIC "-//W3C//DTD XHTML 1.0 Transitional//EN"
    "http://www.w3.org/TR/xhtml1/DTD/xhtml1-transitional.dtd">
<html xmlns="http://www.w3.org/1999/xhtml" xml:lang="en" lang="en">
 <head>
  <title>
</title>
<meta http-equiv="Content-Type" content="text/html;charset=utf-8" />
  <meta name='ocr-system' content='tesseract 3.04.00' />
  <meta name='ocr-capabilities' content='ocr_page ocr_carea ocr_par ocr_line ocrx_word'/>
</head>
<body>
  <div class='ocr_page' id='page_1' title='image "./degestisalexand00baumgoog_0112.png"; bbox 0 0 2688 3872; ppageno 0'>
   <div class='ocr_carea' id='block_1_1' title="bbox 199 355 915 423">
    <p class='ocr_par' dir='ltr' id='par_1_1' title="bbox 199 355 915 423">
     <span class='ocr_line' id='line_1_1' title="bbox 199 355 915 423; baseline -0.007 -16"><span class='ocrx_word' id='word_1_1' title='bbox 199 365 251 419; x_wconf 58' lang='grc' dir='ltr'>Μ</span> <span class='ocrx_word' id='word_1_2' title='bbox 555 356 589 423; x_wconf 85' lang='lat' dir='ltr'><strong>Q.</strong></span> <span class='ocrx_word' id='word_1_3' title='bbox 618 355 735 410; x_wconf 84' lang='lat' dir='ltr'><strong>suurn</strong></span> <span class='ocrx_word' id='word_1_4' title='bbox 759 357 837 412; x_wconf 80' lang='lat' dir='ltr'><strong>uum</strong></span> <span class='ocrx_word' id='word_1_5' title='bbox 911 369 915 402; x_wconf 60' lang='grc' dir='ltr'>ε</span> 
     </span>
    </p>
   </div>
   <div class='ocr_carea' id='block_1_2' title="bbox 157 499 1298 1947">
    <p class='ocr_par' dir='ltr' id='par_1_2' title="bbox 164 499 1235 888">
     <span class='ocr_line' id='line_1_2' title="bbox 164 499 1235 585; baseline -0.003 -20"><span class='ocrx_word' id='word_1_6' title='bbox 164 522 248 576; x_wconf 79' lang='lat' dir='ltr'><strong>astra</strong></span> <span class='ocrx_word' id='word_1_7' title='bbox 268 505 391 566; x_wconf 77' lang='lat' dir='ltr'><strong>locatae</strong></span> <span class='ocrx_word' id='word_1_8' title='bbox 411 515 483 566; x_wconf 88' lang='lat' dir='ltr'><strong>sunt</strong></span> <span class='ocrx_word' id='word_1_9' title='bbox 504 503 666 566; x_wconf 85' lang='lat' dir='ltr'><strong>Minervae</strong></span> <span class='ocrx_word' id='word_1_10' title='bbox 691 503 930 585; x_wconf 86' lang='lat' dir='ltr'><strong>Victoriaeque.</strong></span> <span class='ocrx_word' id='word_1_11' title='bbox 983 501 1129 564; x_wconf 82' lang='lat' dir='ltr'><strong>Ducibus</strong></span> <span class='ocrx_word' id='word_1_12' title='bbox 1149 499 1199 563; x_wconf 87' lang='lat' dir='ltr'><strong>iti·</strong></span> <span class='ocrx_word' id='word_1_13' title='bbox 1224 530 1235 534; x_wconf 88' lang='lat'>-</span> 
     </span>
     <span class='ocr_line' id='line_1_3' title="bbox 203 582 1198 667; baseline -0.011 -17"><span class='ocrx_word' id='word_1_14' title='bbox 203 587 298 661; x_wconf 84' lang='lat' dir='ltr'><strong>neris,</strong></span> <span class='ocrx_word' id='word_1_15' title='bbox 320 604 401 667; x_wconf 87' lang='lat' dir='ltr'><strong>quos</strong></span> <span class='ocrx_word' id='word_1_16' title='bbox 422 583 529 646; x_wconf 85' lang='lat' dir='ltr'><strong>subire</strong></span> <span class='ocrx_word' id='word_1_17' title='bbox 549 585 685 645; x_wconf 89' lang='lat' dir='ltr'><strong>iusserat</strong></span> <span class='ocrx_word' id='word_1_18' title='bbox 706 585 822 646; x_wconf 81' lang='lat' dir='ltr'><strong>leviter</strong></span> <span class='ocrx_word' id='word_1_19' title='bbox 850 595 1004 652; x_wconf 87' lang='lat' dir='ltr'><strong>armatos,</strong></span> <span class='ocrx_word' id='word_1_20' title='bbox 1035 582 1095 641; x_wconf 89' lang='lat' dir='ltr'><strong>etsi</strong></span> <span class='ocrx_word' id='word_1_21' title='bbox 1123 601 1198 662; x_wconf 91' lang='lat' dir='ltr'><strong>pro-</strong></span> 
     </span>
     <span class='ocr_line' id='line_1_4' title="bbox 200 658 1197 744; baseline -0.005 -19"><span class='ocrx_word' id='word_1_22' title='bbox 200 667 303 732; x_wconf 71' lang='lat' dir='ltr'><strong>missio</strong></span> <span class='ocrx_word' id='word_1_23' title='bbox 324 664 445 725; x_wconf 88' lang='lat' dir='ltr'><strong>minora</strong></span> <span class='ocrx_word' id='word_1_24' title='bbox 467 666 722 744; x_wconf 75' lang='lat' dir='ltr'><strong>praestiterant„</strong></span> <span class='ocrx_word' id='word_1_25' title='bbox 738 663 876 744; x_wconf 87' lang='lat' dir='ltr'><strong>pretium</strong></span> <span class='ocrx_word' id='word_1_26' title='bbox 906 683 979 724; x_wconf 93' lang='lat' dir='ltr'><strong>cum</strong></span> <span class='ocrx_word' id='word_1_27' title='bbox 1007 658 1070 720; x_wconf 87' lang='lat' dir='ltr'><strong>fide</strong></span> <span class='ocrx_word' id='word_1_28' title='bbox 1091 660 1197 722; x_wconf 84' lang='lat' dir='ltr'><strong>reddi-</strong></span> 
     </span>
     <span class='ocr_line' id='line_1_5' title="bbox 199 741 1197 828; baseline -0.004 -20"><span class='ocrx_word' id='word_1_29' title='bbox 199 759 267 812; x_wconf 80' lang='lat' dir='ltr'><strong>tum</strong></span> <span class='ocrx_word' id='word_1_30' title='bbox 295 756 353 810; x_wconf 83' lang='lat' dir='ltr'><strong>est.</strong></span> <span class='ocrx_word' id='word_1_31' title='bbox 400 747 518 805; x_wconf 87' lang='lat' dir='ltr'><strong>Petrae</strong></span> <span class='ocrx_word' id='word_1_32' title='bbox 548 744 752 828; x_wconf 74' lang='lat' dir='ltr'><strong>regionisque</strong></span> <span class='ocrx_word' id='word_1_33' title='bbox 782 743 813 804; x_wconf 89' lang='lat' dir='ltr'><strong>ei</strong></span> <span class='ocrx_word' id='word_1_34' title='bbox 840 741 1005 808; x_wconf 87' lang='lat' dir='ltr'><strong>adiunctae</strong></span> <span class='ocrx_word' id='word_1_35' title='bbox 1034 741 1197 804; x_wconf 81' lang='lat' dir='ltr'><strong>Sisocosto</strong></span> 
     </span>
     <span class='ocr_line' id='line_1_6' title="bbox 198 825 1189 888; baseline -0.004 -1"><span class='ocrx_word' id='word_1_36' title='bbox 198 827 298 888; x_wconf 90' lang='lat' dir='ltr'><strong>tutela</strong></span> <span class='ocrx_word' id='word_1_37' title='bbox 341 825 481 887; x_wconf 83' lang='lat' dir='ltr'><strong>ermissa.</strong></span> <span class='ocrx_word' id='word_1_38' title='bbox 1185 874 1189 883; x_wconf 52' lang='lat'><strong>,</strong></span> 
     </span>
    </p>

    <p class='ocr_par' dir='ltr' id='par_1_3' title="bbox 183 845 1298 1144">
     <span class='ocr_line' id='line_1_7' title="bbox 281 845 1298 992; baseline -0.003 -28"><span class='ocrx_word' id='word_1_39' title='bbox 281 845 530 984; x_wconf 68' lang='lat' dir='ltr'><strong>Indeprocessit</strong></span> <span class='ocrx_word' id='word_1_40' title='bbox 544 901 726 967; x_wconf 83' lang='lat' dir='ltr'><strong>Ecbolima:</strong></span> <span class='ocrx_word' id='word_1_41' title='bbox 748 913 780 971; x_wconf 78' lang='lat' dir='ltr'><strong>et</strong></span> <span class='ocrx_word' id='word_1_42' title='bbox 802 922 874 965; x_wconf 90' lang='lat' dir='ltr'><strong>cum</strong></span> <span class='ocrx_word' id='word_1_43' title='bbox 895 901 1053 984; x_wconf 81' lang='lat' dir='ltr'><strong>angustias</strong></span> <span class='ocrx_word' id='word_1_44' title='bbox 1074 899 1123 962; x_wconf 91' lang='lat' dir='ltr'><strong>iti·</strong></span> <span class='ocrx_word' id='word_1_45' title='bbox 1141 952 1186 992; x_wconf 67' lang='lat' dir='ltr'>m</span> <span class='ocrx_word' id='word_1_46' title='bbox 1294 931 1298 940; x_wconf 77' lang='lat'>=</span> 
     </span>
     <span class='ocr_line' id='line_1_8' title="bbox 183 981 1197 1064; baseline -0.003 -19"><span class='ocrx_word' id='word_1_47' title='bbox 183 986 284 1046; x_wconf 80' lang='lat' dir='ltr'><strong>neris</strong></span> <span class='ocrx_word' id='word_1_48' title='bbox 306 983 447 1044; x_wconf 83' lang='lat' dir='ltr'><strong>obsideri</strong></span> <span class='ocrx_word' id='word_1_49' title='bbox 466 985 525 1041; x_wconf 82' lang='lat' dir='ltr'><strong>XX</strong></span> <span class='ocrx_word' id='word_1_50' title='bbox 540 981 665 1040; x_wconf 90' lang='lat' dir='ltr'><strong>milibus</strong></span> <span class='ocrx_word' id='word_1_51' title='bbox 682 994 872 1043; x_wconf 86' lang='lat' dir='ltr'><strong>armatorum</strong></span> <span class='ocrx_word' id='word_1_52' title='bbox 886 983 924 1042; x_wconf 91' lang='lat' dir='ltr'><strong>ab</strong></span> <span class='ocrx_word' id='word_1_53' title='bbox 934 983 1029 1042; x_wconf 85' lang='lat' dir='ltr'><strong>Erice</strong></span> <span class='ocrx_word' id='word_1_54' title='bbox 1045 1003 1124 1064; x_wconf 90' lang='lat' dir='ltr'><strong>quo·</strong></span> <span class='ocrx_word' id='word_1_55' title='bbox 1181 981 1197 1040; x_wconf 79' lang='grc'><strong>.’</strong></span> 
     </span>
     <span class='ocr_line' id='line_1_9' title="bbox 199 1059 1198 1144; baseline -0.005 -21"><span class='ocrx_word' id='word_1_56' title='bbox 199 1064 269 1124; x_wconf 88' lang='lat' dir='ltr'><strong>dam</strong></span> <span class='ocrx_word' id='word_1_57' title='bbox 292 1063 511 1144; x_wconf 87' lang='lat' dir='ltr'><strong>comperisset,</strong></span> <span class='ocrx_word' id='word_1_58' title='bbox 533 1061 660 1140; x_wconf 82' lang='lat' dir='ltr'><strong>gravius</strong></span> <span class='ocrx_word' id='word_1_59' title='bbox 683 1081 795 1142; x_wconf 88' lang='lat' dir='ltr'><strong>agmen</strong></span> <span class='ocrx_word' id='word_1_60' title='bbox 817 1062 974 1122; x_wconf 81' lang='lat' dir='ltr'><strong>exercitus</strong></span> <span class='ocrx_word' id='word_1_61' title='bbox 1003 1064 1111 1124; x_wconf 87' lang='lat' dir='ltr'><strong>Coeno</strong></span> <span class='ocrx_word' id='word_1_62' title='bbox 1141 1059 1198 1118; x_wconf 92' lang='lat' dir='ltr'><strong>du·</strong></span> 
     </span>
    </p>

    <p class='ocr_par' dir='ltr' id='par_1_4' title="bbox 157 1140 1226 1947">
     <span class='ocr_line' id='line_1_10' title="bbox 160 1140 1226 1222; baseline -0.005 -17"><span class='ocrx_word' id='word_1_63' title='bbox 160 1144 333 1207; x_wconf 80' lang='lat' dir='ltr'><strong>scendum</strong></span> <span class='ocrx_word' id='word_1_64' title='bbox 358 1142 491 1204; x_wconf 88' lang='lat' dir='ltr'><strong>modieis</strong></span> <span class='ocrx_word' id='word_1_65' title='bbox 516 1140 682 1200; x_wconf 83' lang='lat' dir='ltr'><strong>itineribus</strong></span> <span class='ocrx_word' id='word_1_66' title='bbox 708 1140 850 1202; x_wconf 82' lang='lat' dir='ltr'><strong>tradidit.</strong></span> <span class='ocrx_word' id='word_1_67' title='bbox 891 1143 962 1222; x_wconf 91' lang='lat' dir='ltr'><strong>Ipse</strong></span> <span class='ocrx_word' id='word_1_68' title='bbox 991 1159 1226 1222; x_wconf 58' lang='lat' dir='ltr'><strong>praegressus</strong></span> 
     </span>
     <span class='ocr_line' id='line_1_11' title="bbox 201 1218 1196 1302; baseline -0.004 -20"><span class='ocrx_word' id='word_1_69' title='bbox 201 1243 272 1283; x_wconf 90' lang='lat' dir='ltr'><strong>cum</strong></span> <span class='ocrx_word' id='word_1_70' title='bbox 295 1221 456 1281; x_wconf 86' lang='lat' dir='ltr'><strong>l&#39;unditore</strong></span> <span class='ocrx_word' id='word_1_71' title='bbox 478 1241 514 1280; x_wconf 88' lang='lat' dir='ltr'><strong>ac</strong></span> <span class='ocrx_word' id='word_1_72' title='bbox 536 1219 706 1300; x_wconf 81' lang='lat' dir='ltr'><strong>sagittario,</strong></span> <span class='ocrx_word' id='word_1_73' title='bbox 728 1218 903 1279; x_wconf 87' lang='lat' dir='ltr'><strong>deturbatis</strong></span> <span class='ocrx_word' id='word_1_74' title='bbox 926 1220 980 1302; x_wconf 92' lang='lat' dir='ltr'><strong>qui</strong></span> <span class='ocrx_word' id='word_1_75' title='bbox 1001 1218 1196 1281; x_wconf 84' lang='lat' dir='ltr'><strong>obsederant</strong></span> 
     </span>
     <span class='ocr_line' id='line_1_12' title="bbox 161 1298 1196 1382; baseline -0.003 -21"><span class='ocrx_word' id='word_1_76' title='bbox 161 1321 175 1368; x_wconf 88' lang='lat' dir='ltr'><strong>a</strong></span> <span class='ocrx_word' id='word_1_77' title='bbox 200 1303 332 1373; x_wconf 86' lang='lat' dir='ltr'><strong>saltum,</strong></span> <span class='ocrx_word' id='word_1_78' title='bbox 354 1298 558 1382; x_wconf 87' lang='lat' dir='ltr'><strong>sequentibus</strong></span> <span class='ocrx_word' id='word_1_79' title='bbox 591 1318 626 1358; x_wconf 91' lang='lat' dir='ltr'><strong>se</strong></span> <span class='ocrx_word' id='word_1_80' title='bbox 654 1299 753 1379; x_wconf 91' lang='lat' dir='ltr'><strong>copiis</strong></span> <span class='ocrx_word' id='word_1_81' title='bbox 784 1299 865 1358; x_wconf 90' lang='lat' dir='ltr'><strong>viam</strong></span> <span class='ocrx_word' id='word_1_82' title='bbox 891 1298 977 1359; x_wconf 77' lang='lat' dir='ltr'><strong>l‘ecit.</strong></span> <span class='ocrx_word' id='word_1_83' title='bbox 1019 1299 1102 1372; x_wconf 89' lang='lat' dir='ltr'><strong>lndi,</strong></span> <span class='ocrx_word' id='word_1_84' title='bbox 1130 1299 1196 1364; x_wconf 87' lang='lat' dir='ltr'><strong>sive</strong></span> 
     </span>
     <span class='ocr_line' id='line_1_13' title="bbox 200 1377 1196 1460; baseline -0.001 -18"><span class='ocrx_word' id='word_1_85' title='bbox 200 1380 275 1442; x_wconf 89' lang='lat' dir='ltr'><strong>odio</strong></span> <span class='ocrx_word' id='word_1_86' title='bbox 298 1379 395 1451; x_wconf 85' lang='lat' dir='ltr'><strong>ducis,</strong></span> <span class='ocrx_word' id='word_1_87' title='bbox 417 1379 483 1439; x_wconf 87' lang='lat' dir='ltr'><strong>sive</strong></span> <span class='ocrx_word' id='word_1_88' title='bbox 497 1379 629 1460; x_wconf 84' lang='lat' dir='ltr'><strong>gratiam</strong></span> <span class='ocrx_word' id='word_1_89' title='bbox 642 1377 772 1440; x_wconf 81' lang='lat' dir='ltr'><strong>victoris</strong></span> <span class='ocrx_word' id='word_1_90' title='bbox 792 1377 910 1456; x_wconf 77' lang='lat' dir='ltr'><strong>inituri,</strong></span> <span class='ocrx_word' id='word_1_91' title='bbox 933 1378 1052 1438; x_wconf 88' lang='lat' dir='ltr'><strong>Ericen</strong></span> <span class='ocrx_word' id='word_1_92' title='bbox 1070 1377 1196 1459; x_wconf 77' lang='lat' dir='ltr'><strong>lugien-</strong></span> 
     </span>
     <span class='ocr_line' id='line_1_14' title="bbox 198 1457 1196 1539; baseline -0.001 -22"><span class='ocrx_word' id='word_1_93' title='bbox 198 1470 261 1519; x_wconf 89' lang='lat' dir='ltr'><strong>tem</strong></span> <span class='ocrx_word' id='word_1_94' title='bbox 284 1457 388 1524; x_wconf 85' lang='lat' dir='ltr'><strong>adorti</strong></span> <span class='ocrx_word' id='word_1_95' title='bbox 409 1458 647 1535; x_wconf 88' lang='lat' dir='ltr'><strong>interemerunt,</strong></span> <span class='ocrx_word' id='word_1_96' title='bbox 671 1469 832 1539; x_wconf 88' lang='lat' dir='ltr'><strong>caputque</strong></span> <span class='ocrx_word' id='word_1_97' title='bbox 855 1457 927 1536; x_wconf 59' lang='lat' dir='ltr'><strong>eius⁴</strong></span> <span class='ocrx_word' id='word_1_98' title='bbox 938 1469 1035 1538; x_wconf 90' lang='lat' dir='ltr'><strong>atque</strong></span> <span class='ocrx_word' id='word_1_99' title='bbox 1057 1479 1142 1516; x_wconf 84' lang='lat' dir='ltr'><strong>arma</strong></span> <span class='ocrx_word' id='word_1_100' title='bbox 1157 1457 1196 1516; x_wconf 88' lang='lat' dir='ltr'><strong>ad</strong></span> 
     </span>
     <span class='ocr_line' id='line_1_15' title="bbox 198 1535 1196 1618; baseline -0.001 -22"><span class='ocrx_word' id='word_1_101' title='bbox 198 1537 415 1599; x_wconf 80' lang='lat' dir='ltr'><strong>Alexandrum</strong></span> <span class='ocrx_word' id='word_1_102' title='bbox 436 1536 628 1598; x_wconf 89' lang='lat' dir='ltr'><strong>detulerunt.</strong></span> <span class='ocrx_word' id='word_1_103' title='bbox 671 1539 728 1598; x_wconf 90' lang='lat' dir='ltr'><strong>Ille</strong></span> <span class='ocrx_word' id='word_1_104' title='bbox 751 1535 837 1598; x_wconf 84' lang='lat' dir='ltr'><strong>facto</strong></span> <span class='ocrx_word' id='word_1_105' title='bbox 858 1537 1077 1618; x_wconf 84' lang='lat' dir='ltr'><strong>impunitatem</strong></span> <span class='ocrx_word' id='word_1_106' title='bbox 1098 1536 1196 1616; x_wconf 88' lang='lat' dir='ltr'><strong>dedit,</strong></span> 
     </span>
     <span class='ocr_line' id='line_1_16' title="bbox 197 1612 1184 1698; baseline 0.002 -24"><span class='ocrx_word' id='word_1_107' title='bbox 197 1612 352 1677; x_wconf 87' lang='lat' dir='ltr'><strong>honorem</strong></span> <span class='ocrx_word' id='word_1_108' title='bbox 369 1615 449 1676; x_wconf 87' lang='lat' dir='ltr'><strong>dene</strong></span> <span class='ocrx_word' id='word_1_109' title='bbox 474 1617 538 1677; x_wconf 86' lang='lat' dir='ltr'><strong>avit</strong></span> <span class='ocrx_word' id='word_1_110' title='bbox 562 1618 718 1698; x_wconf 84' lang='lat' dir='ltr'><strong>exemplo.</strong></span> <span class='ocrx_word' id='word_1_111' title='bbox 1182 1671 1184 1676; x_wconf 91' lang='lat'><em>.</em></span> 
     </span>
     <span class='ocr_line' id='line_1_17' title="bbox 157 1637 1194 1786; baseline 0.007 -33"><span class='ocrx_word' id='word_1_112' title='bbox 157 1719 196 1786; x_wconf 72' lang='lat'><strong>49</strong></span> <span class='ocrx_word' id='word_1_113' title='bbox 278 1695 360 1756; x_wconf 86' lang='lat' dir='ltr'><strong>Hine</strong></span> <span class='ocrx_word' id='word_1_114' title='bbox 389 1697 428 1754; x_wconf 90' lang='lat' dir='ltr'><strong>ad</strong></span> <span class='ocrx_word' id='word_1_115' title='bbox 452 1637 572 1760; x_wconf 69' lang='lat' dir='ltr'><strong>ilumeu</strong></span> <span class='ocrx_word' id='word_1_116' title='bbox 602 1698 712 1758; x_wconf 90' lang='lat' dir='ltr'><strong>ludum</strong></span> <span class='ocrx_word' id='word_1_117' title='bbox 742 1694 973 1764; x_wconf 80' lang='lat' dir='ltr'><strong>sextisdecimis</strong></span> <span class='ocrx_word' id='word_1_118' title='bbox 992 1695 1101 1755; x_wconf 89' lang='lat' dir='ltr'><strong>castris</strong></span> <span class='ocrx_word' id='word_1_119' title='bbox 1122 1716 1194 1780; x_wconf 86' lang='lat' dir='ltr'><strong>per·</strong></span> 
     </span>
     <span class='ocr_line' id='line_1_18' title="bbox 197 1774 1195 1858; baseline -0.001 -23"><span class='ocrx_word' id='word_1_120' title='bbox 197 1775 295 1844; x_wconf 82' lang='lat' dir='ltr'><strong>venit,</strong></span> <span class='ocrx_word' id='word_1_121' title='bbox 317 1776 494 1858; x_wconf 85' lang='lat' dir='ltr'><strong>omniaque,</strong></span> <span class='ocrx_word' id='word_1_122' title='bbox 508 1789 544 1836; x_wconf 92' lang='lat' dir='ltr'><strong>ut</strong></span> <span class='ocrx_word' id='word_1_123' title='bbox 562 1789 782 1857; x_wconf 84' lang='lat' dir='ltr'><strong>praeceperat,</strong></span> <span class='ocrx_word' id='word_1_124' title='bbox 804 1776 843 1836; x_wconf 86' lang='lat' dir='ltr'><strong>ad</strong></span> <span class='ocrx_word' id='word_1_125' title='bbox 864 1774 1084 1843; x_wconf 83' lang='lat' dir='ltr'><strong>traiiciendum</strong></span> <span class='ocrx_word' id='word_1_126' title='bbox 1105 1796 1195 1854; x_wconf 87' lang='lat' dir='ltr'><strong>prae-</strong></span> 
     </span>
     <span class='ocr_line' id='line_1_19' title="bbox 195 1855 1195 1947; baseline -0.002 -33"><span class='ocrx_word' id='word_1_127' title='bbox 195 1868 304 1947; x_wconf 77' lang='lat' dir='ltr'><strong>parata</strong></span> <span class='ocrx_word' id='word_1_128' title='bbox 327 1855 364 1915; x_wconf 88' lang='lat' dir='ltr'><strong>ab</strong></span> <span class='ocrx_word' id='word_1_129' title='bbox 386 1856 624 1936; x_wconf 84' lang='lat' dir='ltr'><strong>Hephaestione</strong></span> <span class='ocrx_word' id='word_1_130' title='bbox 648 1857 779 1937; x_wconf 80' lang='lat' dir='ltr'><strong>reperit.</strong></span> <span class='ocrx_word' id='word_1_131' title='bbox 824 1855 990 1937; x_wconf 81' lang='lat' dir='ltr'><strong>Regnabat</strong></span> <span class='ocrx_word' id='word_1_132' title='bbox 1020 1855 1052 1913; x_wconf 90' lang='lat' dir='ltr'><strong>in</strong></span> <span class='ocrx_word' id='word_1_133' title='bbox 1081 1875 1118 1914; x_wconf 88' lang='lat' dir='ltr'><strong>ea</strong></span> <span class='ocrx_word' id='word_1_134' title='bbox 1145 1875 1195 1919; x_wconf 83' lang='lat' dir='ltr'><strong>re-</strong></span> 
     </span>
    </p>
   </div>
   <div class='ocr_carea' id='block_1_3' title="bbox 158 1933 1251 2104">
    <p class='ocr_par' dir='ltr' id='par_1_5' title="bbox 158 1933 1251 2104">
     <span class='ocr_line' id='line_1_20' title="bbox 196 1933 1251 2071; baseline -0.002 -75"><span class='ocrx_word' id='word_1_135' title='bbox 196 1952 292 2071; x_wconf 63' lang='lat' dir='ltr'><strong>gione</strong></span> <span class='ocrx_word' id='word_1_136' title='bbox 316 1934 466 2016; x_wconf 83' lang='lat' dir='ltr'><strong>Omphis,</strong></span> <span class='ocrx_word' id='word_1_137' title='bbox 489 1936 544 2018; x_wconf 88' lang='lat' dir='ltr'><strong>qui</strong></span> <span class='ocrx_word' id='word_1_138' title='bbox 564 1938 644 2022; x_wconf 89' lang='lat' dir='ltr'><strong>patri</strong></span> <span class='ocrx_word' id='word_1_139' title='bbox 665 1956 795 2026; x_wconf 88' lang='lat' dir='ltr'><strong>quoque</strong></span> <span class='ocrx_word' id='word_1_140' title='bbox 815 1935 923 2006; x_wconf 79' lang='lat' dir='ltr'><strong>fuerat</strong></span> <span class='ocrx_word' id='word_1_141' title='bbox 944 1933 1194 2026; x_wconf 27' lang='lat' dir='ltr'><strong>auctorodeden-</strong></span> <span class='ocrx_word' id='word_1_142' title='bbox 1248 2013 1251 2023; x_wconf 34' lang='grc' dir='ltr'>Ι</span> 
     </span>
     <span class='ocr_line' id='line_1_21' title="bbox 158 2014 1194 2104; baseline 0.001 -31"><span class='ocrx_word' id='word_1_143' title='bbox 158 2030 174 2092; x_wconf 66' lang='grc' dir='ltr'><strong><em>ς</em></strong></span> <span class='ocrx_word' id='word_1_144' title='bbox 218 2035 383 2097; x_wconf 80' lang='lat' dir='ltr'><strong>treguum</strong></span> <span class='ocrx_word' id='word_1_145' title='bbox 406 2015 596 2081; x_wconf 81' lang='lat' dir='ltr'><strong>Alexandro.</strong></span> <span class='ocrx_word' id='word_1_146' title='bbox 634 2018 676 2076; x_wconf 89' lang='lat' dir='ltr'><strong>Et</strong></span> <span class='ocrx_word' id='word_1_147' title='bbox 696 2028 770 2096; x_wconf 86' lang='lat' dir='ltr'><strong>post</strong></span> <span class='ocrx_word' id='word_1_148' title='bbox 790 2027 927 2076; x_wconf 86' lang='lat' dir='ltr'><strong>mortem</strong></span> <span class='ocrx_word' id='word_1_149' title='bbox 948 2023 1087 2096; x_wconf 74' lang='lat' dir='ltr'><strong>parentis</strong></span> <span class='ocrx_word' id='word_1_150' title='bbox 1109 2014 1194 2104; x_wconf 86' lang='lat' dir='ltr'><strong>lega·</strong></span> 
     </span>
    </p>
   </div>
   <div class='ocr_carea' id='block_1_4' title="bbox 109 2093 1194 2740">
    <p class='ocr_par' dir='ltr' id='par_1_6' title="bbox 109 2093 1194 2740">
     <span class='ocr_line' id='line_1_22' title="bbox 196 2093 1194 2186; baseline 0 -34"><span class='ocrx_word' id='word_1_151' title='bbox 196 2103 246 2152; x_wconf 88' lang='lat' dir='ltr'><strong>tos</strong></span> <span class='ocrx_word' id='word_1_152' title='bbox 272 2093 412 2169; x_wconf 87' lang='lat' dir='ltr'><strong>miserat,</strong></span> <span class='ocrx_word' id='word_1_153' title='bbox 434 2095 489 2186; x_wconf 80' lang='lat' dir='ltr'><strong>qui</strong></span> <span class='ocrx_word' id='word_1_154' title='bbox 503 2097 713 2155; x_wconf 85' lang='lat' dir='ltr'><strong>consulerent</strong></span> <span class='ocrx_word' id='word_1_155' title='bbox 733 2116 824 2171; x_wconf 91' lang='lat' dir='ltr'><strong>eum,</strong></span> <span class='ocrx_word' id='word_1_156' title='bbox 854 2115 989 2176; x_wconf 76' lang='lat' dir='ltr'><strong>regnare</strong></span> <span class='ocrx_word' id='word_1_157' title='bbox 1011 2113 1045 2153; x_wconf 91' lang='lat' dir='ltr'><strong>se</strong></span> <span class='ocrx_word' id='word_1_158' title='bbox 1068 2094 1194 2152; x_wconf 76' lang='lat' dir='ltr'><strong>interim</strong></span> 
     </span>
     <span class='ocr_line' id='line_1_23' title="bbox 109 2171 1193 2256; baseline 0.002 -25"><span class='ocrx_word' id='word_1_159' title='bbox 109 2172 112 2180; x_wconf 82' lang='lat'>&#39;</span> <span class='ocrx_word' id='word_1_160' title='bbox 160 2171 312 2247; x_wconf 63' lang='lat' dir='ltr'><strong>evellet,</strong></span> <span class='ocrx_word' id='word_1_161' title='bbox 343 2195 380 2232; x_wconf 92' lang='lat' dir='ltr'><strong>an</strong></span> <span class='ocrx_word' id='word_1_162' title='bbox 401 2184 560 2253; x_wconf 73' lang='lat' dir='ltr'><strong>privatum</strong></span> <span class='ocrx_word' id='word_1_163' title='bbox 583 2174 725 2256; x_wconf 77' lang='lat' dir='ltr'><strong>opperiri</strong></span> <span class='ocrx_word' id='word_1_164' title='bbox 745 2175 813 2242; x_wconf 84' lang='lat' dir='ltr'><strong>eius</strong></span> <span class='ocrx_word' id='word_1_165' title='bbox 835 2175 1014 2243; x_wconf 78' lang='lat' dir='ltr'><strong>adventum.</strong></span> <span class='ocrx_word' id='word_1_166' title='bbox 1055 2172 1193 2248; x_wconf 82' lang='lat' dir='ltr'><strong>Permis-</strong></span> 
     </span>
     <span class='ocr_line' id='line_1_24' title="bbox 196 2245 1191 2342; baseline 0.004 -34"><span class='ocrx_word' id='word_1_167' title='bbox 196 2269 315 2342; x_wconf 80' lang='lat' dir='ltr'><strong>susque</strong></span> <span class='ocrx_word' id='word_1_168' title='bbox 343 2263 378 2311; x_wconf 92' lang='lat' dir='ltr'><strong>ut</strong></span> <span class='ocrx_word' id='word_1_169' title='bbox 397 2264 564 2334; x_wconf 79' lang='lat' dir='ltr'><strong>regnaret,</strong></span> <span class='ocrx_word' id='word_1_170' title='bbox 595 2275 658 2314; x_wconf 90' lang='lat' dir='ltr'><strong>non</strong></span> <span class='ocrx_word' id='word_1_171' title='bbox 689 2266 794 2314; x_wconf 87' lang='lat' dir='ltr'><strong>tamen</strong></span> <span class='ocrx_word' id='word_1_172' title='bbox 823 2253 871 2315; x_wconf 87' lang='lat' dir='ltr'><strong>ius</strong></span> <span class='ocrx_word' id='word_1_173' title='bbox 900 2254 1007 2318; x_wconf 86' lang='lat' dir='ltr'><strong>datum</strong></span> <span class='ocrx_word' id='word_1_174' title='bbox 1036 2245 1191 2333; x_wconf 76' lang='lat' dir='ltr'><strong>usur&#39;parc</strong></span> 
     </span>
     <span class='ocr_line' id='line_1_25' title="bbox 195 2330 1191 2422; baseline 0.007 -36"><span class='ocrx_word' id='word_1_175' title='bbox 195 2330 350 2394; x_wconf 77' lang='lat' dir='ltr'><strong>sustmuit.</strong></span> <span class='ocrx_word' id='word_1_176' title='bbox 402 2334 431 2396; x_wconf 80' lang='lat' dir='ltr'><strong>Is</strong></span> <span class='ocrx_word' id='word_1_177' title='bbox 459 2331 595 2412; x_wconf 81' lang='lat' dir='ltr'><strong>benigne</strong></span> <span class='ocrx_word' id='word_1_178' title='bbox 623 2333 751 2415; x_wconf 77' lang='lat' dir='ltr'><strong>quidem</strong></span> <span class='ocrx_word' id='word_1_179' title='bbox 781 2345 952 2414; x_wconf 82' lang='lat' dir='ltr'><strong>exceperat</strong></span> <span class='ocrx_word' id='word_1_180' title='bbox 981 2331 1191 2422; x_wconf 87' lang='lat' dir='ltr'><strong>Hephaestio·</strong></span> 
     </span>
     <span class='ocr_line' id='line_1_26' title="bbox 195 2408 1191 2500; baseline 0.006 -33"><span class='ocrx_word' id='word_1_181' title='bbox 195 2425 278 2483; x_wconf 90' lang='lat' dir='ltr'><strong>uem,</strong></span> <span class='ocrx_word' id='word_1_182' title='bbox 299 2410 473 2500; x_wconf 85' lang='lat' dir='ltr'><strong>gratuitum</strong></span> <span class='ocrx_word' id='word_1_183' title='bbox 493 2408 686 2471; x_wconf 83' lang='lat' dir='ltr'><strong>frumentum</strong></span> <span class='ocrx_word' id='word_1_184' title='bbox 711 2413 811 2494; x_wconf 90' lang='lat' dir='ltr'><strong>copiis</strong></span> <span class='ocrx_word' id='word_1_185' title='bbox 833 2413 902 2474; x_wconf 88' lang='lat' dir='ltr'><strong>eius</strong></span> <span class='ocrx_word' id='word_1_186' title='bbox 924 2413 1106 2480; x_wconf 88' lang='lat' dir='ltr'><strong>admensus,</strong></span> <span class='ocrx_word' id='word_1_187' title='bbox 1128 2432 1191 2473; x_wconf 89' lang='lat' dir='ltr'><strong>nou</strong></span> 
     </span>
     <span class='ocr_line' id='line_1_27' title="bbox 198 2488 1191 2572; baseline 0.004 -26"><span class='ocrx_word' id='word_1_188' title='bbox 198 2489 304 2548; x_wconf 82' lang='lat' dir='ltr'><strong>tamen</strong></span> <span class='ocrx_word' id='word_1_189' title='bbox 325 2488 355 2548; x_wconf 90' lang='lat' dir='ltr'><strong>ei</strong></span> <span class='ocrx_word' id='word_1_190' title='bbox 376 2501 572 2566; x_wconf 85' lang='lat' dir='ltr'><strong>occurrerat,</strong></span> <span class='ocrx_word' id='word_1_191' title='bbox 591 2512 631 2552; x_wconf 90' lang='lat' dir='ltr'><strong>ne</strong></span> <span class='ocrx_word' id='word_1_192' title='bbox 653 2491 747 2562; x_wconf 81' lang='lat' dir='ltr'><strong>fidem</strong></span> <span class='ocrx_word' id='word_1_193' title='bbox 766 2493 860 2557; x_wconf 86' lang='lat' dir='ltr'><strong>ullius</strong></span> <span class='ocrx_word' id='word_1_194' title='bbox 880 2493 939 2559; x_wconf 91' lang='lat' dir='ltr'><strong>nisi</strong></span> <span class='ocrx_word' id='word_1_195' title='bbox 959 2491 1045 2572; x_wconf 78' lang='lat' dir='ltr'><strong>regis</strong></span> <span class='ocrx_word' id='word_1_196' title='bbox 1067 2491 1191 2572; x_wconf 83' lang='lat' dir='ltr'><strong>experi-</strong></span> 
     </span>
     <span class='ocr_line' id='line_1_28' title="bbox 161 2568 1190 2652; baseline 0.003 -25"><span class='ocrx_word' id='word_1_197' title='bbox 161 2577 297 2634; x_wconf 73' lang='lat' dir='ltr'><strong>7retur.</strong></span> <span class='ocrx_word' id='word_1_198' title='bbox 338 2569 449 2652; x_wconf 78' lang='lat' dir='ltr'><strong>ltaque</strong></span> <span class='ocrx_word' id='word_1_199' title='bbox 476 2568 613 2630; x_wconf 80' lang='lat' dir='ltr'><strong>venienti</strong></span> <span class='ocrx_word' id='word_1_200' title='bbox 641 2570 766 2638; x_wconf 82' lang='lat' dir='ltr'><strong>obviam</strong></span> <span class='ocrx_word' id='word_1_201' title='bbox 796 2593 867 2633; x_wconf 89' lang='lat' dir='ltr'><strong>cum</strong></span> <span class='ocrx_word' id='word_1_202' title='bbox 899 2582 1018 2640; x_wconf 83' lang='lat' dir='ltr'><strong>armato</strong></span> <span class='ocrx_word' id='word_1_203' title='bbox 1048 2571 1190 2631; x_wconf 80' lang='lat' dir='ltr'><strong>exercitu</strong></span> 
     </span>
     <span class='ocr_line' id='line_1_29' title="bbox 195 2649 1189 2740; baseline 0.006 -32"><span class='ocrx_word' id='word_1_204' title='bbox 195 2663 343 2730; x_wconf 88' lang='lat' dir='ltr'><strong>egressus</strong></span> <span class='ocrx_word' id='word_1_205' title='bbox 365 2661 430 2734; x_wconf 71' lang='lat' dir='ltr'><strong>est,</strong></span> <span class='ocrx_word' id='word_1_206' title='bbox 452 2649 611 2740; x_wconf 88' lang='lat' dir='ltr'><strong>elephanti</strong></span> <span class='ocrx_word' id='word_1_207' title='bbox 631 2672 779 2736; x_wconf 83' lang='lat' dir='ltr'><strong>quoque,</strong></span> <span class='ocrx_word' id='word_1_208' title='bbox 799 2653 1004 2736; x_wconf 88' lang='lat' dir='ltr'><strong>permodica</strong></span> <span class='ocrx_word' id='word_1_209' title='bbox 1024 2649 1189 2714; x_wconf 85' lang='lat' dir='ltr'><strong>intervalla</strong></span> 
     </span>
    </p>
   </div>
   <div class='ocr_carea' id='block_1_5' title="bbox 212 2811 395 2828">
    <p class='ocr_par' dir='ltr' id='par_1_7' title="bbox 212 2811 395 2828">
     <span class='ocr_line' id='line_1_30' title="bbox 212 2811 395 2828; baseline -0.016 -1"><span class='ocrx_word' id='word_1_210' title='bbox 212 2811 395 2828; x_wconf 46' lang='lat' dir='ltr'><strong>——d</strong></span> 
     </span>
    </p>
   </div>
   <div class='ocr_carea' id='block_1_6' title="bbox 190 2919 1188 3478">
    <p class='ocr_par' dir='ltr' id='par_1_8' title="bbox 190 2919 1188 3013">
     <span class='ocr_line' id='line_1_31' title="bbox 190 2919 1188 3013; baseline 0.014 -32"><span class='ocrx_word' id='word_1_211' title='bbox 190 2919 204 2936; x_wconf 71' lang='grc'>’</span> <span class='ocrx_word' id='word_1_212' title='bbox 230 3001 236 3012; x_wconf 35' lang='lat'>⁸</span> <span class='ocrx_word' id='word_1_213' title='bbox 259 2938 295 3012; x_wconf 72' lang='grc' dir='ltr'><strong>α)Ι</strong></span> <span class='ocrx_word' id='word_1_214' title='bbox 309 2934 385 3013; x_wconf 65' lang='lat' dir='ltr'><strong>Voss.</strong></span> <span class='ocrx_word' id='word_1_215' title='bbox 405 2952 430 2986; x_wconf 78' lang='lat' dir='ltr'><strong>a.</strong></span> <span class='ocrx_word' id='word_1_216' title='bbox 452 2955 623 3005; x_wconf 80' lang='lat' dir='ltr'><strong>progressus.</strong></span> <span class='ocrx_word' id='word_1_217' title='bbox 640 2967 671 2978; x_wconf 89' lang='lat'>-</span> <span class='ocrx_word' id='word_1_218' title='bbox 694 2958 732 3002; x_wconf 75' lang='lat' dir='ltr'><strong>ru,</strong></span> <span class='ocrx_word' id='word_1_219' title='bbox 753 2957 812 2992; x_wconf 86' lang='lat' dir='ltr'><strong>cum</strong></span> <span class='ocrx_word' id='word_1_220' title='bbox 823 2939 969 3010; x_wconf 71' lang='lat' dir='ltr'><strong>funditore</strong></span> <span class='ocrx_word' id='word_1_221' title='bbox 988 2959 1021 2998; x_wconf 82' lang='lat' dir='ltr'><strong>ae</strong></span> <span class='ocrx_word' id='word_1_222' title='bbox 1040 2945 1188 3010; x_wconf 73' lang='lat' dir='ltr'><strong>sagittarii&gt;</strong></span> 
     </span>
    </p>

    <p class='ocr_par' dir='ltr' id='par_1_9' title="bbox 193 3004 1187 3214">
     <span class='ocr_line' id='line_1_32' title="bbox 193 3004 1187 3120; baseline 0.015 -72"><span class='ocrx_word' id='word_1_223' title='bbox 193 3004 535 3120; x_wconf 50' lang='lat' dir='ltr'><strong>fflo‘irifflfffltdebfflm&#39;</strong></span> <span class='ocrx_word' id='word_1_224' title='bbox 562 3008 670 3074; x_wconf 83' lang='lat' dir='ltr'><strong>nesci03</strong></span> <span class='ocrx_word' id='word_1_225' title='bbox 697 3008 757 3058; x_wconf 87' lang='lat' dir='ltr'><strong>Mss.</strong></span> <span class='ocrx_word' id='word_1_226' title='bbox 769 3009 935 3077; x_wconf 73' lang='lat' dir='ltr'><strong>fuezdr&#39;tones</strong></span> <span class='ocrx_word' id='word_1_227' title='bbox 953 3021 979 3062; x_wconf 81' lang='lat' dir='ltr'><strong>et</strong></span> <span class='ocrx_word' id='word_1_228' title='bbox 1008 3013 1187 3082; x_wconf 47' lang='lat' dir='ltr'><strong>sagittus-loq</strong></span> 
     </span>
     <span class='ocr_line' id='line_1_33' title="bbox 259 3111 1185 3214; baseline 0.013 -28"><span class='ocrx_word' id='word_1_229' title='bbox 259 3134 287 3205; x_wconf 79' lang='lat'><strong>3)</strong></span> <span class='ocrx_word' id='word_1_230' title='bbox 302 3137 377 3190; x_wconf 86' lang='lat' dir='ltr'><strong>Frsb.</strong></span> <span class='ocrx_word' id='word_1_231' title='bbox 401 3111 495 3194; x_wconf 70' lang='lat' dir='ltr'><strong>eontra</strong></span> <span class='ocrx_word' id='word_1_232' title='bbox 513 3140 554 3190; x_wconf 77' lang='grc' dir='ltr'><strong>ΡΙ.</strong></span> <span class='ocrx_word' id='word_1_233' title='bbox 571 3141 648 3198; x_wconf 71' lang='lat' dir='ltr'><strong>Laid.</strong></span> <span class='ocrx_word' id='word_1_234' title='bbox 673 3143 751 3198; x_wconf 71' lang='lat' dir='ltr'><strong>Voss‘j</strong></span> <span class='ocrx_word' id='word_1_235' title='bbox 780 3162 801 3202; x_wconf 81' lang='grc' dir='ltr'><strong>ι.</strong></span> <span class='ocrx_word' id='word_1_236' title='bbox 827 3122 852 3195; x_wconf 57' lang='lat' dir='ltr'><strong>si</strong></span> <span class='ocrx_word' id='word_1_237' title='bbox 877 3147 996 3205; x_wconf 72' lang='lat' dir='ltr'><strong>victoris</strong></span> <span class='ocrx_word' id='word_1_238' title='bbox 1022 3148 1102 3214; x_wconf 73' lang='lat' dir='ltr'><strong>regi</strong></span> <span class='ocrx_word' id='word_1_239' title='bbox 1110 3165 1132 3200; x_wconf 87' lang='lat' dir='ltr'><strong>s.</strong></span> <span class='ocrx_word' id='word_1_240' title='bbox 1153 3175 1185 3192; x_wconf 85' lang='lat'><strong>.-</strong></span> 
     </span>
    </p>

    <p class='ocr_par' dir='ltr' id='par_1_10' title="bbox 192 3199 1170 3272">
     <span class='ocr_line' id='line_1_34' title="bbox 192 3199 1170 3272; baseline 0.012 -19"><span class='ocrx_word' id='word_1_241' title='bbox 192 3199 294 3254; x_wconf 85' lang='lat' dir='ltr'><strong>Tbeoc.</strong></span> <span class='ocrx_word' id='word_1_242' title='bbox 314 3203 368 3253; x_wconf 76' lang='lat' dir='ltr'><strong>his</strong></span> <span class='ocrx_word' id='word_1_243' title='bbox 382 3201 471 3272; x_wconf 79' lang='lat' dir='ltr'><strong>facto.</strong></span> <span class='ocrx_word' id='word_1_244' title='bbox 552 3217 569 3258; x_wconf 52' lang='lat' dir='ltr'>ff</span> <span class='ocrx_word' id='word_1_245' title='bbox 1168 3211 1170 3218; x_wconf 66' lang='grc'><em>’</em></span> 
     </span>
    </p>

    <p class='ocr_par' dir='ltr' id='par_1_11' title="bbox 191 3268 1186 3478">
     <span class='ocr_line' id='line_1_35' title="bbox 191 3268 1186 3406; baseline 0.015 -87"><span class='ocrx_word' id='word_1_246' title='bbox 191 3338 241 3389; x_wconf 59' lang='grc' dir='ltr'>ω</span> <span class='ocrx_word' id='word_1_247' title='bbox 259 3268 286 3406; x_wconf 43' lang='lat'><strong>53</strong></span> <span class='ocrx_word' id='word_1_248' title='bbox 305 3271 377 3390; x_wconf 55' lang='lat' dir='ltr'><strong>iglpm</strong></span> <span class='ocrx_word' id='word_1_249' title='bbox 395 3281 489 3326; x_wconf 85' lang='lat' dir='ltr'><strong>contra</strong></span> <span class='ocrx_word' id='word_1_250' title='bbox 501 3283 568 3344; x_wconf 90' lang='lat' dir='ltr'><strong>optt.</strong></span> <span class='ocrx_word' id='word_1_251' title='bbox 583 3274 669 3332; x_wconf 88' lang='lat' dir='ltr'><strong>Codd.</strong></span> <span class='ocrx_word' id='word_1_252' title='bbox 686 3280 888 3358; x_wconf 59' lang='lat' dir='ltr'><strong>permissoque·</strong></span> <span class='ocrx_word' id='word_1_253' title='bbox 906 3283 1054 3353; x_wconf 74' lang='lat' dir='ltr'><strong>cs,Zumpt.</strong></span> <span class='ocrx_word' id='word_1_254' title='bbox 1065 3283 1186 3339; x_wconf 85' lang='lat' dir='ltr'><strong>Gramm.</strong></span> 
     </span>
     <span class='ocr_line' id='line_1_36' title="bbox 257 3355 690 3478; baseline 0.028 -20"><span class='ocrx_word' id='word_1_255' title='bbox 257 3405 286 3475; x_wconf 87' lang='lat'><strong>6)</strong></span> <span class='ocrx_word' id='word_1_256' title='bbox 306 3355 637 3478; x_wconf 77' lang='lat' dir='ltr'><strong>1‘.⁷nansp.occurruua</strong></span> <span class='ocrx_word' id='word_1_257' title='bbox 657 3417 690 3470; x_wconf 84' lang='lat' dir='ltr'><strong>ei.</strong></span> 
     </span>
    </p>
   </div>
   <div class='ocr_carea' id='block_1_7' title="bbox 0 0 1348 3872">
    <p class='ocr_par' dir='ltr' id='par_1_12' title="bbox 0 0 1348 3872">
     <span class='ocr_line' id='line_1_37' title="bbox 0 0 1348 3872; baseline 0 7"><span class='ocrx_word' id='word_1_258' title='bbox 0 0 1348 3872; x_wconf 95' lang='lat' dir='ltr'><strong> </strong></span> 
     </span>
    </p>
   </div>
  </div>
 </body>
</html>
