2686 3876
433 355 479 408 oa
497 351 621 428 ossas-s
639 345 739 404 sarx.
758 353 830 419 vm,
846 353 872 406 a.
983 411 988 434 ¹
1113 335 1169 426 ις’

157 504 323 564 invasurus
343 502 546 575 incurreret,
588 499 687 561 lorte'
701 495 918 581 Lysimachus,
977 501 1010 564 ui
1025 513 1148 585 ,postes

154 585 315 668 regnavit,
336 581 498 663 proximus
519 579 711 650 Alexandro,
734 579 921 644 venabulum
942 603 962 644 o
986 582 1082 646 licere
1099 583 1148 644 fe·

160 685 217 726 rae
238 674 400 744 coeperat.
441 663 515 741 Quo
537 681 594 721 rex
616 659 746 740 repulso
768 668 801 717 et
828 658 914 722 abire
935 662 1037 737 iusto,
1064 661 1148 724 adie-

155 746 218 821 cit,
241 756 305 803 tam
340 763 357 802 a
391 754 492 802 semet
529 761 593 802 uno
625 761 718 823 quam
754 759 771 798 a
808 740 992 817 Lysimacho
1020 743 1145 806 leonem

153 823 292 887 interlioi
323 841 429 904 posse.
469 819 671 901 Lysimachus
698 819 781 880 enim
809 820 966 902 quondam
999 843 1070 884 oum
1096 824 1186 885 ve·¹⁵

156 915 292 966 nasetur
326 905 358 962 in
384 901 489 984 Syria,
519 899 682 962 occiderat
708 898 837 983 quidem
868 900 999 964 eximiae
1030 903 1147 988 magui·

155 984 271 1046 tudinis
292 983 395 1043 feram
416 981 519 1052 solus,
546 980 608 1040 'sed
628 979 719 1040 laevo
747 978 882 1040 humero
905 982 1070 1063 usque-ad
1096 1005 1147 1044 os·

156 1087 191 1125 sa
223 1063 381 1124 laceratus
410 1061 449 1120 ad
469 1060 614 1122 ultimum
636 1059 772 1142 periculi
790 1073 992 1140 pervenerat.
1014 1063 1068 1124 ,ld
1095 1063 1142 1144 ip·

156 1165 226 1205 sum
256 1141 451 1222 exprobrans
478 1141 508 1202 ei
543 1161 617 1216 rex,
658 1139 789 1216 lortius,
819 1160 913 1224 quam
937 1140 1063 1204 locutus
1090 1153 1183 1217 esttt

158 1223 251 1284 fecit.
297 1223 374 1280 Nam
396 1222 497 1282 l'eram
517 1243 579 1283 non
600 1221 725 1302 excepit
745 1218 860 1294 modo,
887 1220 1058 1282 sedetiam
1083 1244 1147 1284 uuo

157 1303 291 1362 vulnere
312 1299 435 1364 occidit.
457 1300 617 1375 Fabulam,
638 1322 719 1386 quae
741 1299 903 1362 obiectum
924 1300 1010 1363 leoni
1031 1323 1048 1364 a
1069 1308 1187 1386 reget?

157 1381 373 1462 Lysimachum
395 1383 594 1444 temere-vul
618 1383 691 1458 avit,
712 1378 751 1442 ab
774 1400 814 1440 eo
832 1401 916 1458 casu,
961 1403 1032 1444 uem
1050 1405 1147 1465 supra

134 1462 301 1535 ‘diximum
322 1475 422 1523 ortam
444 1483 513 1523 esse
539 1403 739 1524 crediderim.
778 1457 927 1522 Ceterum
937 1405 1186 1543 ⁴ldacadonos,¹⁸

60 1601 66 1607 ,
154 1559 348 1626 quamquam
368 1563 525 1624 prospere
546 1555 665 1606 eventu
682 1540 852 1603 defunctus
873 1553 941 1606 erat
954 1544 1145 1624 Alexander,

89 1663 107 1696 ,-
152 1635 258 1684 tamen
286 1624 410 1684 scivere
431 1624 536 1704 gentis
555 1643 630 1683 suae
651 1640 759 1695 more,
779 1641 819 1681 ne
839 1623 938 1714 pedes
962 1639 1143 1700 venaretur,

153 1715 209 1765 aut
230 1703 295 1762 sinc
317 1703 449 1777 delectis
469 1703 648 1783 principum
668 1712 764 1782 atque
789 1721 971 1769 amroorum.
1013 1706 1080 1780 Ille,
1102 1708 1186 1770 lV¹⁹

152 1783 279 1846 anilibus
310 1782 458 1842 ferarum
481 1781 633 1857 deiectis,
673 1781 705 1840 in
730 1779 845 1844 eodem
868 1783 950 1843 saltu
976 1801 1048 1845 cum
1073 1797 1143 1848 toto

156 1863 299 1924 exercitu
320 1861 464 1940 epulatus
485 1871 543 1925 est.
900 1907 910 1922 ,

179 1967 180 1972 ’
234 1941 311 2002 lude
330 1940 516 2004 Maracanda
547 1939 686 2002 reditum
716 1951 782 2002 est:
816 1939 1009 2024 acceptaque
1037 1945 1186 2008 aetatisd

99 2051 101 2061 ¹
156 2022 358 2084 excusatione
394 2019 439 2080 ab
474 2019 651 2098 Artabazo,
687 2020 883 2104 provinciam
917 2017 984 2081 eius
1014 2023 1148 2086 destinat

42 2178 44 2184 Α
151 2103 247 2166 Clito.
298 2103 359 2162 Hic
388 2112 473 2177 erat,
510 2101 564 2184 qui
602 2102 684 2186 apud
717 2101 883 2162 Granicum
912 2123 1032 2164 amnem
1060 2090 1145 2169 nudo
1155 2113 1187 2156 2⁰

63 2204 64 2212 ¹
131 2185 261 2265 ‘capite
282 2203 392 2266 regem
414 2182 610 2242 dimicantem
640 2183 743 2270 clipeo
765 2203 823 2244 suo
846 2181 939 2260 texit,
972 2197 1005 2245 et
1026 2185 1146 2247 Rhosa-

155 2265 199 2326 cis
220 2285 344 2324 manum
365 2263 459 2356 capiti
479 2263 564 2346 regis
585 2263 794 2326 imminentem
824 2263 928 2356 gladio
958 2285 1003 2326 am
1029 2269 1143 2330 sitavit:

151 2357 249 2405 ¹vetus
270 2339 408 2426 Philippi
428 2343 534 2419 miles,
562 2343 731 2426 multisque
762 2343 884 2405 bellicis
910 2287 1061 2424 operibus
1083 2350 1144 2408 cla-

103 2435 105 2442 ‘
149 2445 220 2488 rus
264 2423 442 2500 Hellanice,
468 2445 548 2507 quae
576 2423 789 2499 Alexandrum
817 2424 1024 2501 educaverat,
1051 2437 1179 2490 soror21

84 2541 87 2544 -
161 2505 240 2580 eius,
259 2503 343 2565 baud
364 2524 454 2567 secus
475 2525 569 2597 quam
591 2517 692 2574 mater
715 2524 829 2586 araga
851 2503 1049 2642 diligebatur.
1093 2505 1145 2569 Ob

156 2581 212 2641 has
236 2603 341 2644 causas
363 2585 582 2646 validissimam
604 2583 729 2666 imperii
756 2597 878 2665 partem
929 2585 981 2644 dei
1008 2587 1074 2645 eius
1095 2599 1144 2646 tu-

90 2671 94 2679 '
156 2661 303 2744 telasque
333 2665 495 2726 commisit.
537 2667 664 2747 lamque
690 2666 752 2728 iter
780 2683 892 2745 parare
920 2663 950 2721 in
978 2671 1182 2742 posterumw·

52 2753 54 2758 ’
156 2739 269 2822 iussus,
290 2742 433 2804 sollemni
455 2755 487 2804 et
512 2746 701 2826 tempestivo
719 2743 895 2805 'adhibetur
912 2744 1067 2806 convivio.
1108 2745 1143 2808 lu

157 2833 225 2903 quo.
243 2840 300 2881 rex
321 2837 391 2881 cum
417 2825 516 2884 multo
544 2824 723 2887 incaluisset
736 2843 853 2894 mero,
880 2820 1064 2890 immodicus
1093 2848 1143 2888 ae·

160 2901 306 2962 stimator
329 2901 376 2960 sui
385 2933 397 2980 ,ι
420 2905 585 2967 celebrare
612 2905 697 2992 quae
718 2913 861 2986 gesserat
890 2904 1011 2986 coepit,
1039 2908 1165 2991 gravit¹

155 3066 335 3082 ...n-...nn

180 3151 184 3161 Ι
209 3191 251 3260 td)
272 3189 340 3244 Cod.
360 3189 476 3241 Theoer.
497 3206 577 3260 quam
596 3188 665 3242 Clito
684 3163 772 3246 unte.

176 3305 179 3316 .
212 3262 254 3328 15)
274 3260 347 3312 Frsb.
365 3261 451 3311 omitt.
470 3257 600 3330 equidem.

180 3398 184 3407 ¹
211 3329 253 3399 18)
273 3339 340 3400 optt.
362 3327 575 3388 Codd;,morem.
610 3353 645 3366 ·-
676 3325 757 3378 iidem
776 3345 837 3378 nam
857 3339 887 3380 ut
902 3327 1002 3399 pedes,·
1024 3336 1050 3379 ct
1068 3324 1145 3378 haud

158 3417 251 3534 smil-2)
269 3465 361 3532 graccis
381 3483 466 3516 esse
483 3428 533 3534 prb
552 3465 629 3516 etium
645 3463 722 3517 Voss.
737 3471 767 3522 2:
779 3465 834 3530 Pal.
856 3481 877 3516 ι.
923 3443 925 3448 l
