2688 3872
407 391 451 444 ni:
470 388 594 446 ensms
613 384 716 460 snex,
733 385 781 458 n,
799 388 842 456 a.
985 341 988 354 ¹
1075 391 1122 451 rsa

123 540 261 610 duratis,
299 551 333 602 et
352 536 508 602 maiorum
529 553 660 624 queque
682 539 870 613 beluarum,
898 559 978 623 ques
1006 537 1136 600 fluctus·

123 622 228 694 eiecit,
260 637 355 682 carne
384 631 568 681 vescuntur.
619 619 806 684 Consumtis*
829 618 928 700 igitur
959 620 1160 697 alimentis,¹1

122 701 314 761 Macedones
336 699 441 780 primo
462 698 515 758 ino
540 698 611 767 iam,
637 697 752 758 deinde
774 697 814 756 ad
837 697 984 759 ultimum
1005 697 1123 760 i'amem

123 777 243 840 sentire
265 783 456 864 coeperunt,
477 719 602 839 radices
625 778 819 859 palmarum,
839 797 976 859 namque
998 779 1065 839 sola
1086 799 1124 839 ea

122 860 220 921 arbor
242 851 398 950 gignitur,
418 855 537 928 ubique
557 858 716 917 rimantes.
759 855 823 916 Sed
852 868 923 915 cum
944 853 1023 918 haec
1045 868 1160 940 quo-¹²

125 959 189 1022 que
214 939 360 997 alimenta
382 933 577 1012 defecerant,
599 937 738 996 iumenta
754 936 890 996 caedere
911 939 1062 1018 aggressi,
1083 959 1123 999 ne

125 1019 216 1101 equis
238 1016 367 1098 quidem
380 1015 606 1091 ‘abstinebant3
637 1027 670 1075 et
692 1035 764 1074 cum
786 1015 935 1076 deessent
956 1036 1038 1098 quae
1060 1038 1124 1078 sar·

126 1098 210 1158 cinas
231 1095 399 1169 veherent,
416 1094 518 1175 spolia
539 1095 579 1156 de
593 1093 749 1168 hostibus,
766 1105 902 1176 propter
919 1115 1000 1176 quae
1015 1095 1125 1156 ultima

125 1174 270 1236 Orientis
292 1185 558 1256 peragraverant,
586 1173 768 1234 cremabant
794 1173 952 1236 irrecndio.
994 1175 1021 1234 F
1024 1183 1162 1235 amemtss

125 1253 242 1314 deinde
263 1253 442 1334 pestilentia
463 1265 572 1314 secuta
593 1255 668 1312 ests·
700 1253 776 1335 quip
801 1273 819 1314 e
846 1253 1054 1314 insalubrium
1082 1254 1125 1314 cia

125 1334 243 1394 borum
264 1334 341 1395 novi
362 1333 466 1409 succi,
497 1332 620 1394 adhoc
641 1331 764 1392 itineris
777 1275 881 1394 llabor
903 1344 936 1392 et
957 1333 1131 1416 aegritudo·

127 1413 230 1486 animi,
250 1414 460 1493 vulgaverant
479 1411 622 1488 morbos,
644 1425 677 1472 et
700 1433 759 1472 neo
780 1427 910 1473 manere
935 1413 1002 1473 sine
1024 1414 1126 1489 clade,

126 1513 186 1554 nec
208 1491 363 1573 progredi
390 1503 555 1572 poterant:
594 1501 757 1552 manentes
786 1492 905 1569 sames,
933 1509 1126 1575 progressos

127 1573 235 1633 acrior
266 1571 450 1651 pestilentia
480 1569 625 1651 urgebat.
676 1574 764 1652 Ergo
794 1573 884 1633 strati
907 1573 999 1632 erant'
1024 1573 1164 1655 campise

150 1672 228 1712 aene
260 1649 406 1726 pluribus
436 1649 612 1722 semivivis,
641 1650 976 1732 quam'cadaveribus.
1018 1655 1066 1714 Ac
1087 1675 1127 1714 ne

126 1673 229 1792 levius
260 1729 388 1812 quidem
422 1729 510 1810 aegri
545 1729 636 1810 sequi
666 1735 833 1808 poterant:
867 1729 987 1867 quippe
1014 1750 1126 1811 agmen

127 1811 242 1890 raptim
264 1809 428 1890 agebatur,
449 1820 571 1868 tantum
592 1808 722 1888 singulis
744 1809 783 1868 ad
805 1827 894 1888 spem
911 1810 1019 1869 sa'utis
1041 1811 1129 1890 ipsos

127 1893 293 1971 prolicere
335 1887 558 1962 credentibus,
600 1896 751 1969 quantum
790 1888 911 1948 itineris
947 1887 1128 1949 festinando

127 1969 361 2049 praeciperent.
403 1967 505 2049 Igitur
526 1966 581 2048 qui
602 1966 789 2027 deiecerant
814 1977 908 2027 notos
938 1968 1164 2061 ignotosquets
1200 1981 1204 1986 '

31 2108 35 2124 ,
128 2057 165 2107 ut
187 2047 401 2107 allevarentur
422 2046 569 2108 orabant:
605 2045 662 2106 sed
682 2065 742 2105 nec
763 2046 902 2106 iumenta
934 2057 1035 2122 erant,
1060 2069 1129 2130 qur

128 2128 188 2187 bus
209 2127 314 2208 excipi
333 2137 474 2206 possent,
496 2137 530 2185 et
549 2125 640 2185 miles·
661 2123 714 2186 vix
735 2145 821 2186 arma
866 2126 1008 2203 ortabat,
1029 2128 1129 2186 immi⁴

129 2206 296 2289 nautisque
322 2219 355 2266 et
375 2206 450 2288 ipsis
470 2204 568 2266 facies
590 2204 665 2266 mali
688 2213 759 2266 ante
780 2146 891 2266 oculos
916 2217 994 2268 erat.
1039 2208 1129 2289 Ergo

99 2345 105 2356 ,
129 2288 253 2367 saepius
282 2287 427 2348 revocati
459 2305 508 2356 ne,
530 2285 694 2366 respicere
727 2285 856 2368 quidem
883 2307 957 2347 suos
996 2289 1130 2348 sustine·

128 2364 216 2444 bant,
244 2366 461 2428 misericordie
497 2364 528 2424 in
556 2363 762 2426 formidinem
789 2385 894 2428 versa.
945 2366 995 2426 llli
1025 2367 1168 2428 relictio

38 2459 44 2465 ‘
131 2446 221 2507 Deos
241 2458 351 2522 testes,
373 2461 406 2507 et
427 2465 516 2506 sacra
532 2445 719 2520 communia,
744 2447 895 2528 regisque
916 2447 1131 2527 implorabant

132 2544 238 2616 opem,
260 2545 398 2608 cumque
420 2524 542 2585 frustra
563 2525 674 2583 surdas
696 2545 788 2584 aures
816 2525 1003 2606 fatigarent,
1029 2527 1060 2584 in
1081 2547 1131 2584 ra·
1217 2576 1221 2586 .

131 2600 216 2662 luem
240 2604 463 2682 desperatione
486 2603 589 2670 versi,
618 2623 727 2680 parem
755 2621 813 2661 suo
847 2605 977 2676 exitum,
999 2603 1133 2672 similes,

133 2699 197 2764 quc
218 2683 294 2761 ipsis
317 2683 434 2740 amieos
457 2694 489 2740 et
510 2681 753 2740 contubernales
776 2681 1001 2761 precabantur.

214 2763 294 2834 Rex,
318 2760 432 2820 dolore
453 2759 545 2818 simul
567 2778 603 2818 ac
625 2758 751 2837 pudore
779 2761 903 2834 an'xius,
933 2760 1007 2842 quia
1040 2779 1171 2847 cansagp

133 2851 237 2902 tantae
259 2839 357 2900 cladis
379 2839 447 2920 ipse
469 2850 571 2914 esset,
592 2838 632 2897 ad
653 2837 917 2920 Phrataphernen
938 2837 1132 2918 Parthyeno-

145 3017 326 3029 m..-

187 3108 230 3184 13)
250 3105 340 3166 Codd.
360 3109 482 3166 scrilmnl
501 3117 578 3177 suri,·
597 3113 632 3170 cl.
650 3110 760 3164 Nollen.
777 3107 842 3167 lex.
867 3111 956 3166 Antib.
976 3129 1003 3182 p,
1031 3125 1087 3181 172.

190 3185 232 3251 14)
251 3183 327 3233 Frsb.
347 3193 441 3234 contra
462 3190 530 3252 cptt.
551 3181 637 3236 codd.
655 3183 864 3250 praeripe-enm
883 3183 918 3232 cl.
938 3185 997 3234 llic.
1015 3179 1134 3232 Heinsius

139 3249 171 3302 ad
191 3255 285 3304 Valer.
307 3253 398 3301 Flucc.
417 3253 464 3314 lV,
484 3258 542 3316 751.
561 3251 698 3301 llralsenb.
718 3250 750 3300 ud
771 3250 863 3298 Silium
884 3252 941 3300 liat.
960 3253 1007 3314 lV,
1027 3254 1085 3314 504.

191 3321 233 3388 15)
254 3319 319 3368 Frsb
340 3329 433 3369 contra
451 3319 638 3369 Ccdd.'eti‹nn
663 3335 714 3384 pro
733 3327 758 3366 et
778 3321 838 3367 ante
857 3319 938 3386 ipsis,
954 3330 1005 3387 pro
1022 3337 1076 3386 quo
1095 3319 1134 3372 ΕΙ.

140 3385 214 3438 Laid.
232 3390 311 3437 Voss.
339 3401 360 3441 t.
383 3403 406 3439 a.
431 3387 486 3438 l’al.
509 3404 530 3438 1.
550 3388 581 3437 D.
601 3386 719 3435 'Plrcocr
740 3387 834 3452 ipatus.

195 3456 235 3524 ιθ)
256 3458 324 3507 male
343 3455 417 3506 Frslr.
437 3457 532 3507 contra
551 3455 638 3506 Codd.
659 3453 746 3504 oririsit
764 3463 788 3502 et
806 3461 866 3504 ante
885 3467 974 3502 sacro.
