2688 3872
197 377 245 430 1111
496 364 497 369 ‘
564 372 597 438 o.
617 369 735 422 cuarn
754 371 833 422 111111

157 547 169 587 5
194 515 353 578 discordia
374 516 515 579 membra
537 515 742 602 trepidarent.
777 517 868 602 Quot
888 513 941 576 ille
954 522 1020 574 tum
1033 501 1192 578 'exstinxit

193 595 296 657 faces!
331 607 411 677 quot
438 595 580 658 condidit
614 593 752 675 gladios!
790 607 937 678 quantam
969 605 1192 674 tempestatem

194 675 297 734 subita
319 675 490 736 serenitate
515 674 677 735 discussit!
699 677 770 734 Non
791 694 870 756 ergo
891 673 1067 752 revirescit,
1077 675 1191 751 solum,

158 784 172 824 ὅ
194 753 366 813 sedetiam
387 751 682 834 lloretimperium.
726 753 819 814 Absit
840 752 937 814 modo
960 751 1086 820 invidia.
1109 755 1192 814 exci-

193 833 260 914 piet
280 832 374 892 huius
394 834 495 895 seculi
515 845 662 913 tempora
684 831 827 892 eiusdem
848 830 961 890 domus
977 831 1096 892 utinam
1115 853 1190 914 per-

155 925 181 979 7'
217 923 301 988 etua,
322 923 411 972 certe
432 912 580 972 diuturna
601 911 782 992 posteritas.
826 913 994 985 Ceterum,
1022 921 1058 968 ut
1079 909 1117 969 ad
1139 931 1191 970 or·

192 933 315 1065 dinem,
353 1011 370 1050 a
400 1009 464 1073 quo
500 1011 551 1050 me
587 989 813 1069 contemplatio
846 989 994 1070 publicae
1029 988 1202 1063 felicitatis.

161 1130 163 1134 ,
192 1082 362 1146 averterat,
386 1069 526 1145 redeam,
548 1067 705 1128 Perdicca
729 1068 853 1128 unicam
872 1087 964 1148 spem
985 1067 1093 1127 salutis
1115 1089 1189 1128 suae

191 1147 222 1210 in
245 1149 401 1230 Meleagri
421 1161 526 1208 morte
549 1147 749 1227 deponebat:
786 1167 902 1208 vanum
930 1145 1067 1206 eundem
1089 1159 1122 1207 et
1145 1147 1190 1206 in-

190 1224 306 1298 lidum,
335 1227 550 1309 celeriterque
581 1246 634 1286 res
667 1235 873 1294 novauuum,
908 1237 941 1284 et
968 1224 1028 1284 sibi
1054 1226 1188 1286 maxime

152 1332 167 1376 a
191 1306 342 1366 infestum
372 1305 593 1384 occupandum
622 1323 700 1368 esse.
757 1303 821 1364 Sed
851 1304 913 1363 alta
941 1303 1189 1365 dissimulatione

191 1385 358 1445 eonsilium
407 1383 567 1460 remebat,
596 1394 632 1441 ut
656 1382 854 1462 opprimeret
883 1381 1052 1442 incautum.
1097 1384 1188 1476 Ergo

190 1463 269 1522 clam
292 1405 445 1546 quostiam
470 1483 508 1522 ex
530 1461 649 1542 copiis,
672 1460 786 1543 quibus
806 1472 971 1540 praeerat,
992 1461 1189 1538 subornavit,

190 1553 235 1617 ut,
257 1543 346 1623 quasi
365 1543 528 1623 ignoraret
549 1541 629 1625 ipse,
651 1551 928 1622 conquererentur
945 1540 1059 1619 palam,
1072 1542 1189 1602 Melea·

152 1639 282 1700 ogram
310 1631 479 1704 aequatum
514 1639 584 1680 esse
618 1617 806 1683 Perdiccae.
858 1617 1006 1702 Quorum
1040 1637 1189 1680 sermone

190 1699 353 1780 Meleager
374 1700 468 1758 adse
489 1698 603 1774 relato,
624 1697 735 1757 furens
748 1697 795 1756 ira
811 1696 987 1756 Perdiccae
1004 1717 1086 1778 quae
1103 1717 1188 1758 com-

189 1779 327 1858 perisset
353 1777 492 1858 exponit.
534 1777 607 1853 Ille,
637 1779 728 1838 velut
756 1795 837 1838 nova
861 1795 898 1834 re
921 1776 1110 1844 exterritus,
1136 1777 1189 1836 ad·
1266 1835 1267 1840 ,

188 1857 307 1928 mirari,
330 1857 431 1938 queri,
453 1856 656 1938 dolentisque
677 1854 818 1935 speciem
839 1864 1000 1914 ostentare
1016 1855 1045 1914 ei
1064 1857 1188 1938 eoepit3
1236 1919 1239 1922 ,

190 1934 229 1993 ad
250 1935 396 1998 ultimum
418 1934 583 2006 convenit,
611 1944 648 1994 ut
669 1931 1021 2018 comprehenderentur
1047 1944 1111 1992 tam
1140 1955 1188 1994 se-

154 2013 321 2078 malitiosae
346 2013 432 2075 vocis
463 2025 621 2086 auctores.
662 2012 738 2094 Agit
767 2013 929 2094 Meleager
957 2012 1092 2091 gratias,
1125 2033 1189 2072 amm

189 2093 365 2174 plerusque
386 2091 575 2152 Perdiccam
595 2088 692 2150 fidem
724 2090 791 2150 eius
813 2090 845 2149 in
874 2109 908 2150 se
936 2109 972 2149 ae
994 2089 1188 2152 benevolen-

156 2171 262 2236 utiam
285 2169 454 2233 collaudat.
497 2169 592 2228 Tum‘
608 2169 766 2230 communi
783 2169 928 2231 oonsilio
954 2168 1110 2228 rationem
1130 2189 1187 2250 op·

210 2246 345 2306 rimandi
365 2247 476 2306 noxios
497 2248 618 2308 ineunt.
640 2247 753 2306 Plaeet
774 2247 949 2308 exercitum
966 2247 1075 2326 ,patrio
1091 2252 1186 2313 'more

187 2269 305 2386 liutara.
351 2325 392 2388 Et
412 2322 589 2402 probabilis
617 2343 710 2395 causa
738 2323 908 2384 videbatur
929 2327 1104 2403 praeterita
1125 2326 1186 2386 dis·
1210 2344 1215 2354 ·

155 2402 304 2470 socordia.
345 2401 555 2462 Macedonum
574 2421 670 2482 reges
694 2401 737 2460 ita
757 2400 892 2462 lustrare
913 2403 999 2463 soliti
1019 2415 1109 2468 erant
1128 2405 1188 2464 mi··

186 2483 272 2560 lites,
291 2495 328 2542 ut
350 2479 499 2541 discissae
526 2479 610 2539 canis
631 2479 758 2541 viscera
782 2480 899 2544 ultimo
928 2480 960 2539 in
994 2501 1123 2574 eampo,
1153 2483 1185 2542 in

186 2581 281 2644 quem
310 2559 527 2621 deduceretur
553 2558 731 2643 exercitus,
770 2559 809 2632 ab
845 2571 981 2642 utraque
1011 2561 1185 2624 abiicereut

97 2706 99 2710 ,
185 2652 293 2722 parte,
315 2639 409 2700 ‘intra
439 2639 472 2698 id
499 2659 512 2698 s
538 2638 635 2698 atium
664 2639 773 2700 armati
810 2658 919 2700 omnes
947 2650 1084 2718 starent,
1111 2639 1184 2701 hinc

165 2719 319 2800 equites,
339 2717 424 2778 illinc
447 2660 592 2800 phaidnx.

71 2818 76 2826 ·
145 2807 183 2868 99
264 2799 373 2880 ltaque
396 2814 435 2854 eo
461 2797 524 2872 die,
566 2814 639 2854 uem
661 2794 735 2854 huie
757 2815 847 2857 sacro
863 2797 1107 2873 destinaverant,
1127 2817 1184 2880 rex

162 2895 256 2938 rcum
284 2873 446 2962 equitibus
475 2819 716 2960 elepirantisque
746 2875 933 2938 constiterat
961 2888 1074 2940 contra
1094 2876 1183 2957 pedi·
1284 2895 1286 2898 ’

223 3077 356 3159 ,gluttu
375 3090 423 3144 est,
442 3086 468 3132 ni
487 3083 579 3148 fallor,
601 3102 633 3135 er
655 3089 727 3139 coni.
748 3090 872 3163 interpp.;
894 3089 982 3142 Codd.
1002 3093 1073 3143 111111.
1085 3119 1119 3132 ·-
1141 3095 1182 3144 Fl.

182 3147 259 3224 Lerdu.
278 3145 307 3198 P.
328 3144 355 3193 B
379 3163 400 3200 1.
422 3166 508 3216 qrtne
523 3164 712 3219 querereatro·
729 3171 779 3221 pro
801 3175 944 3226 coaequos,
964 3159 1042 3214 Voss.
1065 3178 1086 3211 1.
1106 3161 1134 3210 Β.
1154 3175 1179 3214 a.

185 3229 375 3344 (sulpiuleliiss.
396 3296 420 3329 a.
437 3283 599 3352 spectemque
616 3283 744 3336 dolentis.
1130 3251 1132 3256 v

239 3345 364 3412 10)0ptt.
383 3345 608 3401 Codd.scrihont
630 3351 806 3416 benivolent.,·
827 3358 860 3408 cf.
880 3360 991 3410 Noltcn.
1011 3377 1039 3426 p.
1058 3363 1098 3418 29.

236 3417 278 3473 12)
294 3410 368 3460 rrsh.
389 3414 589 3475 contraCodd.
608 3418 801 3472 obiicerentur.
