2688 3872
437 361 482 414 DE
505 359 876 425 Gssrtsntux.1X‚28·
1105 369 1153 422 145

157 509 352 592 comparavit
368 506 526 585 insidias,
553 506 785 602 invitatumque
811 508 851 602 sd
864 509 988 602 populas
1009 529 1070 606 per
1089 514 1154 574 Bo·

156 611 232 650 xum
262 588 420 730 spuendam
448 588 660 651 Macerianum
686 609 718 648 m
746 607 893 650 convivio
920 590 1049 656 occidit.
1091 595 1153 653 Po·
1180 619 1193 664 ς

155 681 245 730 storo
288 670 318 730 ic
343 667 497 729 concione
518 667 673 729 advocata
685 667 766 731 Bico
787 668 872 728 ultro
894 669 1072 731 insidiatum
1094 673 1153 734 sibi

154 749 401 810 Athenodorum
415 746 578 830 plerisque
599 759 819 827 persuaserat:
852 747 909 808 sed
924 748 991 808 aliis
1006 764 1153 832 suspects

155 839 226 889 erat
248 827 337 890 fraus
360 823 508 900 Biconis‚
539 839 572 886 et
592 827 744 907 paulatim
771 827 802 888 in
830 826 940 908 plures
961 831 1068 910 coepit
1091 852 1154 891 ma·

154 928 231 969 nare
265 905 417 988 suspicio.
465 907 576 1000 ltaque
605 905 721 967 Graeci
748 905 864 966 milites
897 926 982 966 arms
1015 911 1193 990 capiunto

102 1017 105 1024 r
155 987 295 1048 occisuri
317 985 483 1061 Biccnem‚
504 1006 530 1045 ss
553 985 685 1046 daretur
706 985 851 1047 occasio:
872 995 1015 1048 ceterum
1037 990 1154 1068 princi-

153 1087 213 1146 pes
244 1063 464 1142 eorumiram
493 1065 703 1125 multitudinis
735 1065 803 1126 miti
827 1077 970 1125 averunt.
1018 1067 1154 1130 Praeter
1172 1089 1193 1134 -7

153 1165 244 1225 spem
271 1165 358 1204 suam
382 1143 462 1206 Bico
494 1146 656 1224 praesenti
694 1085 839 1226 periculo
874 1155 1021 1224 ereptus,
1057 1149 1154 1227 paulo

153 1236 230 1305 post
250 1223 412 1284 insidiatus
435 1221 620 1295 auctoribus
640 1224 749 1286 salutis
771 1244 847 1285 suae
868 1234 933 1284 est:
962 1227 1051 1286 cuius
1076 1227 1153 1287 dolo

155 1303 298 1384 cognito,
319 1315 352 1364 et
372 1302 476 1384 ipsum
499 1322 570 1365 corn
595 1303 822 1379 rehenderunt,
845 1315 878 1364 et
897 1306 1035 1370 Boxum.
1058 1307 1154 1366 Cete·
1178 1325 1194 1371 s

154 1403 228 1442 rmm
247 1383 373 1443 Boxum
393 1382 539 1462 protinus
559 1324 682 1464 placuit
701 1383 856 1460 interfici,
883 1384 1038 1446 Biconem
1058 1386 1153 1446 etiam

152 1482 215 1544 per
230 1463 406 1524 cruciatum
428 1463 547 1526 necarit
568 1465 698 1546 lamque
715 1463 847 1544 corpori
865 1474 1024 1524 tormenta
1046 1465 1154 1526 admo·

153 1539 328 1618 vehantur,
357 1560 430 1617 cum
460 1541 599 1619 milites,
622 1544 781 1604 incertum
814 1542 859 1617 ,ob
888 1564 983 1626 quam
1017 1565 1155 1618 cansam,
1244 1547 1245 1554 ’

152 1620 324 1703 lymphatis
356 1619 473 1684 similes
503 1619 543 1680 ad
572 1631 657 1682 arma
685 1622 876 1684 discurrunt.
920 1622 1068 1711 Quorum
1089 1623 1193 1691 fre-a

152 1702 233 1761 mitu
250 1699 411 1774 exaudito,
432 1699 487 1792 qni
506 1711 662 1782 torquere
685 1701 839 1761 Biconem
858 1701 935 1762 iussi
955 1715 1055 1778 erant,
1067 1702 1154 1765 'omi-

153 1800 238 1856 sere‚
258 1779 366 1847 veriti,
388 1798 428 1838 ne
448 1777 481 1838 id
503 1778 613 1839 facere
634 1779 891 1840 tumultuantium
920 1781 1154 1842 vociferatione

177 1859 416 1920 rohiberentur.
459 1859 533 1930 Ille,
562 1858 645 1919 sicut
672 1859 806 1918 nudatus
828 1871 916 1934 arnt,
936 1861 1085 1940 pervenit
1114 1859 1191 1920 sdan

153 1880 310 2008 graecos,
333 1949 366 2000 et
387 1937 574 2014 miserabilis¹
587 1937 685 1998 facies
707 1937 865 2018 supplicio
887 1938 1035 2000 destinati
1054 1939 1087 2000 in
1108 1939 1154 1999 di·

151 2037 283 2078 versum
305 2018 423 2078 animos
443 2027 579 2098 repente
594 2017 752 2090 mutavit,
790 2016 970 2100 dimittique
996 2038 1070 2079 eum
1090 2018 1154 2078 ius·

152 2109 272 2157 serunt.
312 2099 385 2158 Hoc
405 2097 502 2158 modo
525 2116 630 2178 poena
657 2096 706 2156 bis
726 2093 901 2173 liberatus,
932 2110 1005 2158 cum
1026 2097 1189 2172 ceteris‚ss

152 2177 207 2260 qui
229 2177 368 2238 colonias
390 2198 407 2236 a
428 2196 507 2257 rege
529 2176 696 2237 attributas
718 2175 937 2316 relipuerunt,
965 2178 1103 2238 revertit
1122 2177 1155 2236 in

150 2257 296 2338 patriam.
341 2258 432 2316 Haec
461 2257 544 2317 circa
571 2261 688 2318 Bactra
718 2266 751 2317 et
803 2255 968 2335 cytharam
998 2257 1153 2320 terminos

60 2370 63 2386 «
152 2349 252 2418 gesta.

232 2415 363 2478 Interim
383 2435 499 2498 regem
526 2414 660 2476 duarum
705 2415 842 2477 entium.
871 2414 913 2477 de
942 2415 1058 2499 quibus
1080 2428 1192 2492 antepss

151 2494 272 2556 dictum
295 2508 354 2573 est,
376 2509 505 2557 centum
525 2494 624 2575 legati
652 2515 667 2554 a
693 2506 778 2556 eunt.
823 2493 944 2555 Omnes
971 2515 1072 2556 curru
1099 2517 1168 2556 ve·-

150 2571 327 2650 hebenum,
355 2575 468 2634 eximia
495 2575 710 2653 magnitudine
736 2592 929 2652 corporum,
956 2571 1078 2635 decoro
1098 2573 1152 2634 hs·

151 2651 233 2730 bitu,
254 2653 355 2714 lineae
376 2665 484 2715 vestes
504 2653 626 2716 intexto
642 2672 721 2712 suro
742 2653 951 2734 purpuraque
973 2651 1150 2714 distinctae.

157 2827 348 2843 w

219 2953 232 3016 4
258 2951 320 3003 'tres
339 2953 427 3006 Codd.
446 2952 475 3004 in
491 2972 577 3006 casim
597 2967 623 3008 et
639 2958 771 3018 convivio,
790 2956 889 3006 omisso
906 2955 1013 3007 nomine
1027 2957 1149 3024 proprio.

220 3026 235 3076 5
266 3019 344 3070 Leid.
367 3023 464 3083 ultra;
488 3025 522 3074 cl.
541 3025 659 3075 Arntzen
674 3026 706 3074 nd
726 3027 804 3075 Plinii
826 3026 922 3091 l’aneg.
942 3041 966 3074 o.
985 3025 1011 3074 6.
1025 3050 1056 3064 -
1074 3024 1149 3074 Frsh.

151 3097 253 3156 transp.
273 3097 366 3140 contra
385 3095 453 3157 opti.
471 3089 558 3142 Godd.
571 3089 662 3160 fimus
680 3103 748 3142 erat.
815 3127 816 3135 κ

151 3151 353 3275 d1··⁶)C⁰dd'
374 3160 461 3208 ceteri
475 3161 585 3227 princ.;
611 3153 694 3212 lectio
720 3173 836 3210 ceterum
859 3167 898 3210 cst
923 3175 956 3210 ex
984 3162 1056 3214 coni.
1087 3162 1150 3212 Aci·

171 3240 224 3274 atr.

219 3293 246 3360 8)
265 3290 342 3346 Frslr.
369 3292 468 3345 Gracci
502 3294 658 3356 militm
689 3303 758 3366 optt.
784 3294 870 3348 Cnsld.
898 3313 958 3346 cum
989 3297 1059 3346 Edd.
1085 3303 1148 3348 vett.

152 3360 238 3414 omitt.
258 3363 368 3428 militem
387 3379 439 3430 qua
458 3363 617 3415 auctoritate
637 3366 743 3431 Zumpt.
760 3366 842 3414 lectio
861 3365 970 3430 nitatur,
989 3361 1090 3416 nescio.

204 3429 244 3492 aa)
265 3427 339 3479 Frsh.
360 3437 458 3481 contra
479 3438 547 3498 optt.
568 3430 655 3488 codd,
676 3435 807 3486 intextos.

108 3582 116 3588 -
190 3517 297 3567 Curtius
315 3520 363 3570 lll.
393 3573 396 3582 ‚
900 3527 932 3578 10
